
@article{auchere_thermal_2016,
  title = {Thermal {{Non}}-Equilibrium {{Revealed}} by {{Periodic Pulses}} of {{Random Amplitudes}} in {{Solar Coronal Loops}}},
  volume = {827},
  issn = {0004-637X},
  doi = {10.3847/0004-637X/827/2/152},
  journal = {The Astrophysical Journal},
  author = {Auch\`ere, F. and Froment, C. and Bocchialini, K. and Buchlin, E. and Solomon, J.},
  month = aug,
  year = {2016},
  pages = {152}
}

@article{warren_systematic_2012,
  title = {A {{Systematic Survey}} of {{High}}-Temperature {{Emission}} in {{Solar Active Regions}}},
  volume = {759},
  issn = {0004-637X},
  doi = {10.1088/0004-637X/759/2/141},
  language = {en},
  number = {2},
  journal = {The Astrophysical Journal},
  author = {Warren, Harry P. and Winebarger, Amy R. and Brooks, David H.},
  month = nov,
  year = {2012},
  pages = {141}
}

@article{mulu-moore_determining_2011,
  title = {Determining the {{Structure}} of {{Solar Coronal Loops Using Their Evolution}}},
  volume = {733},
  issn = {0004-637X},
  doi = {10.1088/0004-637X/733/1/59},
  journal = {The Astrophysical Journal},
  author = {{Mulu-Moore}, Fana M. and Winebarger, Amy R. and Warren, Harry P. and Aschwanden, Markus J.},
  month = may,
  year = {2011},
  pages = {59}
}

@article{schmelz_cold_2012,
  title = {The {{Cold Shoulder}}: {{Emission Measure Distributions}} of {{Active Region Cores}}},
  volume = {756},
  issn = {0004-637X},
  shorttitle = {The {{Cold Shoulder}}},
  doi = {10.1088/0004-637X/756/2/126},
  journal = {The Astrophysical Journal},
  author = {Schmelz, J. T. and Pathak, S.},
  month = sep,
  year = {2012},
  pages = {126}
}

@article{del_zanna_flows_2008,
  title = {Flows in Active Region Loops Observed by {{Hinode EIS}}},
  volume = {481},
  issn = {0004-6361, 1432-0746},
  doi = {10.1051/0004-6361:20079087},
  number = {1},
  journal = {Astronomy and Astrophysics},
  author = {Del Zanna, G.},
  month = apr,
  year = {2008},
  pages = {L49-L52}
}

@article{tajfirouze_euv_2016,
  title = {{{EUV Flickering}} of {{Solar Coronal Loops}}: {{A New Diagnostic}} of {{Coronal Heating}}},
  volume = {817},
  issn = {0004-637X},
  shorttitle = {{{EUV Flickering}} of {{Solar Coronal Loops}}},
  doi = {10.3847/2041-8205/817/2/L11},
  journal = {The Astrophysical Journal Letters},
  author = {Tajfirouze, E. and Reale, F. and Peres, G. and Testa, P.},
  month = feb,
  year = {2016},
  pages = {L11}
}

@article{krieger_results_1972,
  title = {Results from {{OSO}}-{{IV}}: The {{Long Term Behavior}} of {{X}}-{{Ray Emitting Regions}}},
  volume = {22},
  issn = {0038-0938},
  shorttitle = {Results from {{OSO}}-{{IV}}},
  doi = {10.1007/BF00145472},
  journal = {Solar Physics},
  author = {Krieger, A. and Paolini, F. and Vaiana, G. S. and Webb, D.},
  month = jan,
  year = {1972},
  pages = {150-177}
}

@article{spitzer_transport_1953,
  title = {Transport {{Phenomena}} in a {{Completely Ionized Gas}}},
  volume = {89},
  doi = {10.1103/PhysRev.89.977},
  number = {5},
  journal = {Physical Review},
  author = {Spitzer, Lyman and H\"arm, Richard},
  month = mar,
  year = {1953},
  pages = {977-981}
}

@article{kashyap_markov-chain_1998,
  title = {Markov-{{Chain Monte Carlo Reconstruction}} of {{Emission Measure Distributions}}: {{Application}} to {{Solar Extreme}}-{{Ultraviolet Spectra}}},
  volume = {503},
  issn = {0004-637X},
  shorttitle = {Markov-{{Chain Monte Carlo Reconstruction}} of {{Emission Measure Distributions}}},
  doi = {10.1086/305964},
  journal = {The Astrophysical Journal},
  author = {Kashyap, Vinay and Drake, Jeremy J.},
  month = aug,
  year = {1998},
  pages = {450-466}
}

@article{parker_formation_1955,
  title = {The {{Formation}} of {{Sunspots}} from the {{Solar Toroidal Field}}.},
  volume = {121},
  issn = {0004-637X},
  doi = {10.1086/146010},
  journal = {The Astrophysical Journal},
  author = {Parker, Eugene N.},
  month = mar,
  year = {1955},
  pages = {491}
}

@article{de_moortel_recent_2015,
  title = {Recent Advances in Coronal Heating},
  volume = {373},
  issn = {1364-503X},
  doi = {10.1098/rsta.2014.0269},
  journal = {Philosophical Transactions of the Royal Society of London Series A},
  author = {De Moortel, Ineke and Browning, Philippa},
  month = apr,
  year = {2015},
  pages = {40269}
}

@article{hunter_matplotlib_2007,
  title = {Matplotlib: {{A 2D Graphics Environment}}},
  volume = {9},
  issn = {1521-9615},
  shorttitle = {Matplotlib},
  doi = {10.1109/MCSE.2007.55},
  number = {3},
  journal = {Computing in Science \& Engineering},
  author = {Hunter, John D.},
  month = may,
  year = {2007},
  pages = {90-95}
}

@article{kosugi_hinode_2007,
  title = {The {{Hinode}} ({{Solar}}-{{B}}) {{Mission}}: {{An Overview}}},
  volume = {243},
  issn = {0038-0938},
  shorttitle = {The {{Hinode}} ({{Solar}}-{{B}}) {{Mission}}},
  doi = {10.1007/s11207-007-9014-6},
  journal = {Solar Physics},
  author = {Kosugi, T. and Matsuzaki, K. and Sakao, T. and Shimizu, T. and Sone, Y. and Tachikawa, S. and Hashimoto, T. and Minesugi, K. and Ohnishi, A. and Yamada, T. and Tsuneta, S. and Hara, H. and Ichimoto, K. and Suematsu, Y. and Shimojo, M. and Watanabe, T. and Shimada, S. and Davis, J. M. and Hill, L. D. and Owens, J. K. and Title, A. M. and Culhane, J. L. and Harra, L. K. and Doschek, G. A. and Golub, L.},
  month = jun,
  year = {2007},
  pages = {3-17}
}

@article{bradshaw_numerical_2009,
  title = {A Numerical Tool for the Calculation of Non-Equilibrium Ionisation States in the Solar Corona and Other Astrophysical Plasma Environments},
  volume = {502},
  issn = {0004-6361},
  doi = {10.1051/0004-6361/200810735},
  journal = {Astronomy and Astrophysics},
  author = {Bradshaw, S. J.},
  month = jul,
  year = {2009},
  pages = {409-418}
}

@article{sylwester_sphinx_2008,
  title = {{{SphinX}}: {{A}} Fast Solar {{Photometer}} in {{X}}-Rays},
  volume = {29},
  issn = {0250-6335, 0973-7758},
  shorttitle = {{{SphinX}}},
  doi = {10.1007/s12036-008-0044-8},
  language = {en},
  number = {1-2},
  journal = {Journal of Astrophysics and Astronomy},
  author = {Sylwester, J. and Kuzin, S. and Kotov, Yu D. and Farnik, F. and Reale, F.},
  month = oct,
  year = {2008},
  pages = {339-343}
}

@article{macneice_numerical_1984,
  title = {A Numerical Model of a Solar Flare Based on Electron Beam Heating of the Chromosphere},
  volume = {90},
  issn = {0038-0938},
  doi = {10.1007/BF00173963},
  journal = {Solar Physics},
  author = {MacNeice, P. and Burgess, A. and McWhirter, R. W. P. and Spicer, D. S.},
  month = feb,
  year = {1984},
  pages = {357-382}
}

@article{bradshaw_reinterpretation_2008,
  title = {A Reinterpretation of the Energy Balance in Active Region Loops Following New Results from {{Hinode EIS}}},
  volume = {486},
  issn = {0004-6361, 1432-0746},
  doi = {10.1051/0004-6361:200809847},
  number = {2},
  journal = {Astronomy and Astrophysics},
  author = {Bradshaw, S. J.},
  month = aug,
  year = {2008},
  pages = {L5-L8}
}

@article{reale_coronal_2010,
  title = {Coronal {{Loops}}: {{Observations}} and {{Modeling}} of {{Confined Plasma}}},
  volume = {7},
  shorttitle = {Coronal {{Loops}}},
  doi = {10.12942/lrsp-2010-5},
  journal = {Living Reviews in Solar Physics},
  author = {Reale, Fabio},
  month = nov,
  year = {2010},
  pages = {5}
}

@article{cargill_enthalpy-based_2012,
  title = {Enthalpy-Based {{Thermal Evolution}} of {{Loops}}. {{II}}. {{Improvements}} to the {{Model}}},
  volume = {752},
  issn = {0004-637X},
  doi = {10.1088/0004-637X/752/2/161},
  journal = {The Astrophysical Journal},
  author = {Cargill, P. J. and Bradshaw, S. J. and Klimchuk, J. A.},
  month = jun,
  year = {2012},
  pages = {161}
}

@article{landi_chiantiatomic_2012,
  title = {{{CHIANTI}}\textemdash{{An Atomic Database}} for {{Emission Lines}}. {{XII}}. {{Version}} 7 of the {{Database}}},
  volume = {744},
  issn = {0004-637X},
  doi = {10.1088/0004-637X/744/2/99},
  journal = {The Astrophysical Journal},
  author = {Landi, E. and Del Zanna, G. and Young, P. R. and Dere, K. P. and Mason, H. E.},
  month = jan,
  year = {2012},
  pages = {99}
}

@article{culhane_euv_2007,
  title = {The {{EUV Imaging Spectrometer}} for {{Hinode}}},
  volume = {243},
  issn = {0038-0938},
  doi = {10.1007/s01007-007-0293-1},
  journal = {Solar Physics},
  author = {Culhane, J. L. and Harra, L. K. and James, A. M. and {Al-Janabi}, K. and Bradley, L. J. and Chaudry, R. A. and Rees, K. and Tandy, J. A. and Thomas, P. and Whillock, M. C. R. and Winter, B. and Doschek, G. A. and Korendyke, C. M. and Brown, C. M. and Myers, S. and Mariska, J. and Seely, J. and Lang, J. and Kent, B. J. and Shaughnessy, B. M. and Young, P. R. and Simnett, G. M. and Castelli, C. M. and Mahmoud, S. and {Mapson-Menard}, H. and Probyn, B. J. and Thomas, R. J. and Davila, J. and Dere, K. and Windt, D. and Shea, J. and Hagood, R. and Moye, R. and Hara, H. and Watanabe, T. and Matsuzaki, K. and Kosugi, T. and Hansteen, V. and Wikstol, \O.},
  month = jun,
  year = {2007},
  pages = {19-61}
}

@article{lundquist_forward_2008,
  title = {Forward {{Modeling}} of {{Active Region Coronal Emissions}}. {{I}}. {{Methods}} and {{Testing}}},
  volume = {179},
  issn = {0067-0049},
  doi = {10.1086/592775},
  language = {en},
  number = {2},
  journal = {The Astrophysical Journal Supplement Series},
  author = {Lundquist, L. L. and Fisher, G. H. and McTiernan, J. M.},
  year = {2008},
  pages = {509}
}

@article{vesecky_numerical_1979,
  title = {Numerical Modeling of Quasi-Static Coronal Loops. {{I}} - {{Uniform}} Energy Input},
  volume = {233},
  issn = {0004-637X},
  doi = {10.1086/157462},
  journal = {The Astrophysical Journal},
  author = {Vesecky, J. F. and Antiochos, S. K. and Underwood, J. H.},
  month = nov,
  year = {1979},
  pages = {987-997}
}

@book{press_numerical_1992,
  address = {Cambridge, UK ; New York},
  edition = {Second},
  title = {Numerical {{Recipes}} in {{C}}: The {{Art}} of {{Scientific Computing}}},
  shorttitle = {Numerical {{Recipes}} in {{C}}},
  publisher = {{Cambridge University Press}},
  author = {Press, William H. and Teukolsky, Saul A. and Vetterling, William T. and Flannery, Brian P.},
  year = {1992},
  annote = {First edition originally published 1988; second edition originally published 1992. ... This reprinting is corrected to software version 2.04."--T.p. verso

Portion of title: Art of scientific computing
Portion of title: Scientific computing
Bibliography note: Includes bibliographical references (pages 926-929) and index
Held by: FONDREN

Some sections ... were originally published, in different form, in Computers in physics magazine ... American Institute of Physics, 1988-1992"--T.p. verso}
}

@article{mikic_importance_2013,
  title = {The {{Importance}} of {{Geometric Effects}} in {{Coronal Loop Models}}},
  volume = {773},
  issn = {0004-637X},
  doi = {10.1088/0004-637X/773/2/94},
  language = {en},
  number = {2},
  journal = {The Astrophysical Journal},
  author = {Miki\'c, Zoran and Lionello, Roberto and Mok, Yung and Linker, Jon A. and Winebarger, Amy R.},
  month = aug,
  year = {2013},
  pages = {94}
}

@book{aschwanden_physics_2006,
  address = {Berlin ; New York},
  edition = {second},
  series = {Springer-{{Praxis Books}} in {{Geophysical Sciences}}},
  title = {Physics of the {{Solar Corona}}: {{An Introduction}} with {{Problems}} and {{Solutions}}},
  shorttitle = {Physics of the Solar Corona},
  publisher = {{Springer}},
  author = {Aschwanden, Markus J.},
  year = {2006}
}

@article{drake_onset_2014,
  title = {The Onset of Ion Heating during Magnetic Reconnection with a Strong Guide Field},
  volume = {21},
  issn = {1070-664X, 1089-7674},
  doi = {10.1063/1.4889871},
  number = {7},
  journal = {Physics of Plasmas},
  author = {Drake, J. F. and Swisdak, M.},
  month = jul,
  year = {2014},
  pages = {072903}
}

@article{del_zanna_spectroscopic_2002,
  title = {Spectroscopic Diagnostics of Stellar Transition Regions and Coronae in the {{XUV}}: {{AU Mic}} in Quiescence},
  volume = {385},
  issn = {0004-6361},
  shorttitle = {Spectroscopic Diagnostics of Stellar Transition Regions and Coronae in the {{XUV}}},
  doi = {10.1051/0004-6361:20020164},
  journal = {Astronomy and Astrophysics},
  author = {Del Zanna, G. and Landini, M. and Mason, H. E.},
  month = apr,
  year = {2002},
  pages = {968-985}
}

@article{badnell_dielectronic_2003,
  title = {Dielectronic Recombination Data for Dynamic Finite-Density Plasmas. {{I}}. {{Goals}} and Methodology},
  volume = {406},
  issn = {0004-6361},
  doi = {10.1051/0004-6361:20030816},
  journal = {Astronomy and Astrophysics},
  author = {Badnell, N. R. and O'Mullane, M. G. and Summers, H. P. and Altun, Z. and Bautista, M. A. and Colgan, J. and Gorczyca, T. W. and Mitnik, D. M. and Pindzola, M. S. and Zatsarinny, O.},
  month = aug,
  year = {2003},
  pages = {1151-1165}
}

@article{fisher_equation_1990,
  title = {An Equation for the Evolution of Solar and Stellar Flare Loops},
  volume = {357},
  issn = {0004-637X},
  doi = {10.1086/168911},
  journal = {The Astrophysical Journal},
  author = {Fisher, George H. and Hawley, Suzanne L.},
  month = jul,
  year = {1990},
  pages = {243-258}
}

@article{bradshaw_collisional_2013,
  title = {Collisional and {{Radiative Processes}} in {{Optically Thin Plasmas}}},
  volume = {178},
  issn = {0038-6308},
  doi = {10.1007/s11214-013-9970-0},
  journal = {Space Science Reviews},
  author = {Bradshaw, Stephen J. and Raymond, John},
  month = oct,
  year = {2013},
  pages = {271-306}
}

@article{dere_chianti-atomic_2001,
  title = {{{CHIANTI}}-{{An Atomic Database}} for {{Emission Lines}}. {{IV}}. {{Extension}} to {{X}}-{{Ray Wavelengths}}},
  volume = {134},
  issn = {0067-0049},
  doi = {10.1086/320854},
  journal = {The Astrophysical Journal Supplement Series},
  author = {Dere, K. P. and Landi, E. and Young, P. R. and Del Zanna, G.},
  month = jun,
  year = {2001},
  pages = {331-354}
}

@article{cheung_thermal_2015,
  title = {Thermal {{Diagnostics}} with the {{Atmospheric Imaging Assembly}} on Board the {{Solar Dynamics Observatory}}: {{A Validated Method}} for {{Differential Emission Measure Inversions}}},
  volume = {807},
  issn = {0004-637X},
  shorttitle = {Thermal {{Diagnostics}} with the {{Atmospheric Imaging Assembly}} on Board the {{Solar Dynamics Observatory}}},
  doi = {10.1088/0004-637X/807/2/143},
  journal = {The Astrophysical Journal},
  author = {Cheung, Mark C. M. and Boerner, P. and Schrijver, C. J. and Testa, P. and Chen, F. and Peter, H. and Malanushenko, A.},
  month = jul,
  year = {2015},
  pages = {143}
}

@article{landi_chianti-atomic_2006,
  title = {{{CHIANTI}}-{{An Atomic Database}} for {{Emission Lines}}. {{VII}}. {{New Data}} for {{X}}-{{Rays}} and {{Other Improvements}}},
  volume = {162},
  issn = {0067-0049},
  doi = {10.1086/498148},
  journal = {The Astrophysical Journal Supplement Series},
  author = {Landi, E. and Del Zanna, G. and Young, P. R. and Dere, K. P. and Mason, H. E. and Landini, M.},
  month = jan,
  year = {2006},
  pages = {261-280}
}

@article{barnes_inference_2016,
  title = {Inference of {{Heating Properties}} from "{{Hot}}" {{Non}}-Flaring {{Plasmas}} in {{Active Region Cores}}. {{I}}. {{Single Nanoflares}}},
  volume = {829},
  issn = {0004-637X},
  doi = {10.3847/0004-637X/829/1/31},
  journal = {The Astrophysical Journal},
  author = {Barnes, W. T. and Cargill, P. J. and Bradshaw, S. J.},
  month = sep,
  year = {2016},
  pages = {31}
}

@article{van_der_walt_numpy_2011,
  title = {The {{NumPy Array}}: {{A Structure}} for {{Efficient Numerical Computation}}},
  volume = {13},
  issn = {1521-9615},
  shorttitle = {The {{NumPy Array}}},
  doi = {10.1109/MCSE.2011.37},
  number = {2},
  journal = {Computing in Science \& Engineering},
  author = {{van der Walt}, St\'efan and Colbert, S. Chris and Varoquaux, Ga\"el},
  month = mar,
  year = {2011},
  pages = {22-30}
}

@inproceedings{sweet_neutral_1958,
  title = {The {{Neutral Point Theory}} of {{Solar Flares}}},
  volume = {6},
  isbn = {1743-9221},
  booktitle = {Electromagnetic {{Phenomena}} in {{Cosmical Physics}}},
  publisher = {{Cambridge University Press}},
  author = {Sweet, P. A.},
  year = {1958},
  pages = {123}
}

@article{ljepojevic_heat_1989,
  title = {Heat Flux in a Non-{{Maxwellian}} Plasma},
  volume = {40},
  doi = {10.1103/PhysRevA.40.981},
  number = {2},
  journal = {Physical Review A},
  author = {Ljepojevic, N. N. and MacNeice, P.},
  month = jul,
  year = {1989},
  pages = {981-986}
}

@article{petschek_magnetic_1964,
  title = {Magnetic {{Field Annihilation}}},
  volume = {50},
  journal = {NASA Special Publication},
  author = {Petschek, H. E.},
  year = {1964},
  pages = {425}
}

@article{luciani_nonlocal_1983,
  title = {Nonlocal Heat Transport Due to Steep Temperature Gradients},
  volume = {51},
  issn = {0031-9007},
  doi = {10.1103/PhysRevLett.51.1664},
  journal = {Physical Review Letters},
  author = {Luciani, J. F. and Mora, P. and Virmont, J.},
  month = oct,
  year = {1983},
  pages = {1664-1667}
}

@article{del_zanna_elemental_2014,
  title = {Elemental Abundances and Temperatures of Quiescent Solar Active Region Cores from {{X}}-Ray Observations},
  volume = {565},
  issn = {0004-6361},
  doi = {10.1051/0004-6361/201423471},
  journal = {Astronomy and Astrophysics},
  author = {Del Zanna, G. and Mason, H. E.},
  month = may,
  year = {2014},
  pages = {A14}
}

@article{testa_temperature_2011,
  title = {Temperature {{Distribution}} of a {{Non}}-Flaring {{Active Region}} from {{Simultaneous Hinode XRT}} and {{EIS Observations}}},
  volume = {728},
  issn = {0004-637X},
  doi = {10.1088/0004-637X/728/1/30},
  journal = {The Astrophysical Journal},
  author = {Testa, Paola and Reale, Fabio and Landi, Enrico and DeLuca, Edward E. and Kashyap, Vinay},
  month = feb,
  year = {2011},
  pages = {30}
}

@article{karpen_nonlocal_1987,
  title = {Nonlocal Thermal Transport in Solar Flares},
  volume = {320},
  issn = {0004-637X},
  doi = {10.1086/165608},
  journal = {The Astrophysical Journal},
  author = {Karpen, Judith T. and DeVore, C. Richard},
  month = sep,
  year = {1987},
  pages = {904-912}
}

@article{testa_hinode/eis_2012,
  title = {Hinode/{{EIS Spectroscopic Validation}} of {{Very Hot Plasma Imaged}} with the {{Solar Dynamics Observatory}} in {{Non}}-Flaring {{Active Region Cores}}},
  volume = {750},
  issn = {0004-637X},
  doi = {10.1088/2041-8205/750/1/L10},
  journal = {The Astrophysical Journal Letters},
  author = {Testa, Paola and Reale, Fabio},
  month = may,
  year = {2012},
  pages = {L10}
}

@book{priest_magnetic_2000,
  address = {Cambridge, UK; New York},
  title = {Magnetic {{Reconnection}}: {{MHD Theory}} and {{Applications}}},
  shorttitle = {Magnetic Reconnection},
  publisher = {{Cambridge University Press}},
  author = {Priest, E. R. and Forbes, T.},
  year = {2000},
  annote = {Bibliography note: Includes bibliographical references and index
Held by: FONDREN}
}

@article{bradshaw_self-consistent_2003,
  title = {A Self-Consistent Treatment of Radiation   in Coronal Loop Modelling},
  volume = {401},
  issn = {0004-6361},
  doi = {10.1051/0004-6361:20030089},
  journal = {Astronomy and Astrophysics},
  author = {Bradshaw, S. J. and Mason, H. E.},
  month = apr,
  year = {2003},
  pages = {699-709}
}

@article{dere_ionization_2007,
  title = {Ionization Rate Coefficients for the Elements Hydrogen through Zinc},
  volume = {466},
  issn = {0004-6361},
  doi = {10.1051/0004-6361:20066728},
  journal = {Astronomy and Astrophysics},
  author = {Dere, K. P.},
  month = may,
  year = {2007},
  pages = {771-792}
}

@article{parker_magnetic_1983,
  title = {Magnetic {{Neutral Sheets}} in {{Evolving Fields}} - {{Part Two}} - {{Formation}} of the {{Solar Corona}}},
  volume = {264},
  issn = {0004-637X},
  doi = {10.1086/160637},
  journal = {The Astrophysical Journal},
  author = {Parker, E. N.},
  month = jan,
  year = {1983},
  pages = {642}
}

@article{feldman_potential_1992,
  title = {The Potential for Plasma Diagnostics from Stellar Extreme-Ultraviolet Observations},
  volume = {81},
  issn = {0067-0049},
  doi = {10.1086/191698},
  journal = {The Astrophysical Journal Supplement Series},
  author = {Feldman, U. and Mandelbaum, P. and Seely, J. F. and Doschek, G. A. and Gursky, H.},
  month = jul,
  year = {1992},
  pages = {387-408}
}

@article{guennou_can_2013,
  title = {Can the {{Differential Emission Measure Constrain}} the {{Timescale}} of {{Energy Deposition}} in the {{Corona}}?},
  volume = {774},
  issn = {0004-637X},
  doi = {10.1088/0004-637X/774/1/31},
  journal = {The Astrophysical Journal},
  author = {Guennou, C. and Auch\`ere, F. and Klimchuk, J. A. and Bocchialini, K. and Parenti, S.},
  month = sep,
  year = {2013},
  pages = {31}
}

@article{boerner_initial_2012,
  title = {Initial {{Calibration}} of the {{Atmospheric Imaging Assembly}} ({{AIA}}) on the {{Solar Dynamics Observatory}} ({{SDO}})},
  volume = {275},
  issn = {0038-0938, 1573-093X},
  doi = {10.1007/s11207-011-9804-8},
  language = {en},
  number = {1-2},
  journal = {Solar Physics},
  author = {Boerner, Paul and Edwards, Christopher and Lemen, James and Rausch, Adam and Schrijver, Carolus and Shine, Richard and Shing, Lawrence and Stern, Robert and Tarbell, Theodore and Title, Alan and Wolfson, C. Jacob and Soufli, Regina and Spiller, Eberhard and Gullikson, Eric and McKenzie, David and Windt, David and Golub, Leon and Podgorski, William and Testa, Paola and Weber, Mark},
  month = jan,
  year = {2012},
  pages = {41-66}
}

@article{warren_constraints_2011,
  title = {Constraints on the {{Heating}} of {{High}}-Temperature {{Active Region Loops}}: {{Observations}} from {{Hinode}} and the {{Solar Dynamics Observatory}}},
  volume = {734},
  issn = {0004-637X},
  shorttitle = {Constraints on the {{Heating}} of {{High}}-Temperature {{Active Region Loops}}},
  doi = {10.1088/0004-637X/734/2/90},
  journal = {The Astrophysical Journal},
  author = {Warren, Harry P. and Brooks, David H. and Winebarger, Amy R.},
  month = jun,
  year = {2011},
  pages = {90}
}

@article{warren_hydrostatic_2006,
  title = {Hydrostatic {{Modeling}} of the {{Integrated Soft X}}-{{Ray}} and {{Extreme Ultraviolet Emission}} in {{Solar Active Regions}}},
  volume = {645},
  issn = {0004-637X},
  doi = {10.1086/504075},
  journal = {The Astrophysical Journal},
  author = {Warren, Harry P. and Winebarger, Amy R.},
  month = jul,
  year = {2006},
  pages = {711-719}
}

@article{miceli_x-ray_2012,
  title = {X-Ray Emitting Hot Plasma in Solar Active Regions Observed by the {{SphinX}} Spectrometer},
  volume = {544},
  issn = {0004-6361},
  doi = {10.1051/0004-6361/201219670},
  journal = {Astronomy and Astrophysics},
  author = {Miceli, M. and Reale, F. and Gburek, S. and Terzo, S. and Barbera, M. and Collura, A. and Sylwester, J. and Kowalinski, M. and Podgorski, P. and Gryciuk, M.},
  month = aug,
  year = {2012},
  pages = {A139}
}

@article{aschwanden_hydrodynamic_2009,
  title = {The {{Hydrodynamic Evolution}} of {{Impulsively Heated Coronal Loops}}: {{Explicit Analytical Approximations}}},
  volume = {185},
  issn = {0067-0049},
  shorttitle = {The {{Hydrodynamic Evolution}} of {{Impulsively Heated Coronal Loops}}},
  doi = {10.1088/0067-0049/185/1/171},
  journal = {The Astrophysical Journal Supplement Series},
  author = {Aschwanden, Markus J. and Tsiklauri, David},
  month = nov,
  year = {2009},
  pages = {171-185}
}

@article{parker_magnetic_1983-1,
  title = {Magnetic Neutral Sheets in Evolving Fields. {{I}} - {{General}} Theory.},
  volume = {264},
  issn = {0004-637X},
  doi = {10.1086/160636},
  journal = {The Astrophysical Journal},
  author = {Parker, E. N.},
  month = jan,
  year = {1983},
  pages = {635-647}
}

@article{lemen_atmospheric_2012,
  title = {The {{Atmospheric Imaging Assembly}} ({{AIA}}) on the {{Solar Dynamics Observatory}} ({{SDO}})},
  volume = {275},
  issn = {0038-0938, 1573-093X},
  doi = {10.1007/s11207-011-9776-8},
  language = {en},
  number = {1-2},
  journal = {Solar Physics},
  author = {Lemen, James R. and Title, Alan M. and Akin, David J. and Boerner, Paul F. and Chou, Catherine and Drake, Jerry F. and Duncan, Dexter W. and Edwards, Christopher G. and Friedlaender, Frank M. and Heyman, Gary F. and Hurlburt, Neal E. and Katz, Noah L. and Kushner, Gary D. and Levay, Michael and Lindgren, Russell W. and Mathur, Dnyanesh P. and McFeaters, Edward L. and Mitchell, Sarah and Rehse, Roger A. and Schrijver, Carolus J. and Springer, Larry A. and Stern, Robert A. and Tarbell, Theodore D. and Wuelser, Jean-Pierre and Wolfson, C. Jacob and Yanari, Carl and Bookbinder, Jay A. and Cheimets, Peter N. and Caldwell, David and Deluca, Edward E. and Gates, Richard and Golub, Leon and Park, Sang and Podgorski, William A. and Bush, Rock I. and Scherrer, Philip H. and Gummin, Mark A. and Smith, Peter and Auker, Gary and Jerram, Paul and Pool, Peter and Soufli, Regina and Windt, David L. and Beardsley, Sarah and Clapp, Matthew and Lang, James and Waltham, Nicholas},
  month = jan,
  year = {2012},
  pages = {17-40}
}

@article{mulu-moore_can_2011,
  title = {Can a {{Long Nanoflare Storm Explain}} the {{Observed Emission Measure Distributions}} in {{Active Region Cores}}?},
  volume = {742},
  issn = {0004-637X},
  doi = {10.1088/2041-8205/742/1/L6},
  journal = {The Astrophysical Journal Letters},
  author = {{Mulu-Moore}, Fana M. and Winebarger, Amy R. and Warren, Harry P.},
  month = nov,
  year = {2011},
  pages = {L6}
}

@article{reale_solar_2011,
  title = {Solar {{Dynamics Observatory Discovers Thin High Temperature Strands}} in {{Coronal Active Regions}}},
  volume = {736},
  issn = {0004-637X},
  doi = {10.1088/2041-8205/736/1/L16},
  journal = {The Astrophysical Journal Letters},
  author = {Reale, Fabio and Guarrasi, Massimiliano and Testa, Paola and DeLuca, Edward E. and Peres, Giovanni and Golub, Leon},
  month = jul,
  year = {2011},
  pages = {L16}
}

@article{parker_topological_1972,
  title = {Topological {{Dissipation}} and the {{Small}}-{{Scale Fields}} in {{Turbulent Gases}}},
  volume = {174},
  issn = {0004-637X},
  doi = {10.1086/151512},
  journal = {The Astrophysical Journal},
  author = {Parker, E. N.},
  month = jun,
  year = {1972},
  pages = {499}
}

@article{brosius_pervasive_2014,
  title = {Pervasive {{Faint Fe XIX Emission}} from a {{Solar Active Region Observed}} with {{EUNIS}}-13: {{Evidence}} for {{Nanoflare Heating}}},
  volume = {790},
  issn = {0004-637X},
  shorttitle = {Pervasive {{Faint Fe XIX Emission}} from a {{Solar Active Region Observed}} with {{EUNIS}}-13},
  doi = {10.1088/0004-637X/790/2/112},
  language = {en},
  number = {2},
  journal = {The Astrophysical Journal},
  author = {Brosius, Jeffrey W. and Daw, Adrian N. and Rabin, D. M.},
  month = aug,
  year = {2014},
  pages = {112}
}

@article{schrijver_coronal_2004,
  title = {The {{Coronal Heating Mechanism}} as {{Identified}} by {{Full}}-{{Sun Visualizations}}},
  volume = {615},
  issn = {0004-637X},
  doi = {10.1086/424028},
  journal = {The Astrophysical Journal},
  author = {Schrijver, Carolus J. and Sandman, Anne W. and Aschwanden, Markus J. and De Rosa, Marc L.},
  month = nov,
  year = {2004},
  pages = {512-525}
}

@article{mok_three-dimensional_2016,
  title = {A {{Three}}-Dimensional {{Model}} of {{Active Region}} 7986: {{Comparison}} of {{Simulations}} with {{Observations}}},
  volume = {817},
  issn = {0004-637X},
  shorttitle = {A {{Three}}-Dimensional {{Model}} of {{Active Region}} 7986},
  doi = {10.3847/0004-637X/817/1/15},
  language = {en},
  number = {1},
  journal = {The Astrophysical Journal},
  author = {Mok, Yung and Miki\'c, Zoran and Lionello, Roberto and Downs, Cooper and Linker, Jon A.},
  year = {2016},
  pages = {15}
}

@article{de_pontieu_origins_2011,
  title = {The {{Origins}} of {{Hot Plasma}} in the {{Solar Corona}}},
  volume = {331},
  issn = {0036-8075},
  doi = {10.1126/science.1197738},
  journal = {Science},
  author = {De Pontieu, B. and McIntosh, S. W. and Carlsson, M. and Hansteen, V. H. and Tarbell, T. D. and Boerner, P. and {Martinez-Sykora}, J. and Schrijver, C. J. and Title, A. M.},
  month = jan,
  year = {2011},
  pages = {55}
}

@article{del_zanna_chianti_2015,
  title = {{{CHIANTI}} - {{An}} Atomic Database for Emission Lines. {{Version}} 8},
  volume = {582},
  issn = {0004-6361},
  doi = {10.1051/0004-6361/201526827},
  journal = {Astronomy and Astrophysics},
  author = {Del Zanna, G. and Dere, K. P. and Young, P. R. and Landi, E. and Mason, H. E.},
  month = oct,
  year = {2015},
  pages = {A56}
}

@article{warren_sparse_2017,
  title = {Sparse {{Bayesian Inference}} and the {{Temperature Structure}} of the {{Solar Corona}}},
  volume = {836},
  issn = {0004-637X},
  doi = {10.3847/1538-4357/aa5c34},
  language = {en},
  number = {2},
  journal = {The Astrophysical Journal},
  author = {Warren, Harry P. and Byers, Jeff M. and Crump, Nicholas A.},
  year = {2017},
  pages = {215}
}

@article{young_chianti-atomic_2003,
  title = {{{CHIANTI}}-{{An Atomic Database}} for {{Emission Lines}}. {{VI}}. {{Proton Rates}} and {{Other Improvements}}},
  volume = {144},
  issn = {0067-0049},
  doi = {10.1086/344365},
  journal = {The Astrophysical Journal Supplement Series},
  author = {Young, P. R. and Del Zanna, G. and Landi, E. and Dere, K. P. and Mason, H. E. and Landini, M.},
  month = jan,
  year = {2003},
  pages = {135-152}
}

@article{burgess_analysis_1992,
  title = {On the {{Analysis}} of {{Collision Strengths}} and {{Rate Coefficients}}},
  volume = {254},
  issn = {0004-6361},
  journal = {Astronomy and Astrophysics},
  author = {Burgess, A. and Tully, J. A.},
  month = feb,
  year = {1992},
  pages = {436}
}

@article{viall_patterns_2011,
  title = {Patterns of {{Nanoflare Storm Heating Exhibited}} by an {{Active Region Observed}} with {{Solar Dynamics Observatory}}/{{Atmospheric Imaging Assembly}}},
  volume = {738},
  issn = {0004-637X},
  doi = {10.1088/0004-637X/738/1/24},
  journal = {The Astrophysical Journal},
  author = {Viall, Nicholeen M. and Klimchuk, James A.},
  month = sep,
  year = {2011},
  pages = {24}
}

@article{landi_chiantiatomic_2009,
  title = {{{CHIANTI}}\textemdash{{An Atomic Database}} for {{Emission Lines}}. {{X}}. {{Spectral Atlas}} of a {{Cold Feature Observed}} with {{Hinode}}/{{EUV Imaging Spectrometer}}},
  volume = {706},
  issn = {0004-637X},
  doi = {10.1088/0004-637X/706/1/1},
  journal = {The Astrophysical Journal},
  author = {Landi, E. and Young, P. R.},
  month = nov,
  year = {2009},
  pages = {1-20}
}

@article{grotrian_zur_1939,
  title = {Zur {{Frage}} Der {{Deutung}} Der {{Linien}} Im {{Spektrum}} Der {{Sonnenkorona}}},
  volume = {27},
  number = {214},
  journal = {Naturwissenschaften},
  author = {Grotrian, W.},
  year = {1939}
}

@article{lionello_can_2016,
  title = {Can {{Large Time Delays Observed}} in {{Light Curves}} of {{Coronal Loops Be Explained}} in {{Impulsive Heating}}?},
  volume = {818},
  issn = {0004-637X},
  doi = {10.3847/0004-637X/818/2/129},
  language = {en},
  number = {2},
  journal = {The Astrophysical Journal},
  author = {Lionello, Roberto and Alexander, Caroline E. and Winebarger, Amy R. and Linker, Jon A. and Miki\'c, Zoran},
  year = {2016},
  pages = {129}
}

@article{cirtain_energy_2013,
  title = {Energy Release in the Solar Corona from Spatially Resolved Magnetic Braids},
  volume = {493},
  copyright = {\textcopyright{} 2013 Nature Publishing Group, a division of Macmillan Publishers Limited. All Rights Reserved.},
  issn = {0028-0836},
  doi = {10.1038/nature11772},
  language = {en},
  number = {7433},
  journal = {Nature},
  author = {Cirtain, J. W. and Golub, L. and Winebarger, A. R. and De Pontieu, B. and Kobayashi, K. and Moore, R. L. and Walsh, R. W. and Korreck, K. E. and Weber, M. and McCauley, P. and Title, A. and Kuzin, S. and DeForest, C. E.},
  month = jan,
  year = {2013},
  pages = {501-503}
}

@article{kopp_coronal_1993,
  title = {Coronal {{Heating}} by {{Nanoflares}}: {{Individual Events}} and {{Global Energetics}}},
  volume = {418},
  issn = {0004-637X},
  shorttitle = {Coronal {{Heating}} by {{Nanoflares}}},
  doi = {10.1086/173411},
  journal = {The Astrophysical Journal},
  author = {Kopp, R. A. and Poletto, G.},
  month = nov,
  year = {1993},
  pages = {496}
}

@article{peter_discovery_2014,
  title = {Discovery of the {{Sun}}'s Million-Degree Hot Corona},
  volume = {1},
  doi = {10.3389/fspas.2014.00002},
  journal = {Stellar and Solar Physics},
  author = {Peter, H. and Dwivedi, Bhola N.},
  year = {2014},
  pages = {2}
}

@article{rosner_dynamics_1978,
  title = {Dynamics of the Quiescent Solar Corona},
  volume = {220},
  issn = {0004-637X},
  doi = {10.1086/155949},
  journal = {The Astrophysical Journal},
  author = {Rosner, R. and Tucker, W. H. and Vaiana, G. S.},
  month = mar,
  year = {1978},
  pages = {643-645}
}

@article{lundquist_forward_2008-1,
  title = {Forward {{Modeling}} of {{Active Region Coronal Emissions}}. {{II}}. {{Implications}} for {{Coronal Heating}}},
  volume = {689},
  issn = {0004-637X},
  doi = {10.1086/592760},
  journal = {The Astrophysical Journal},
  author = {Lundquist, L. L. and Fisher, G. H. and Metcalf, T. R. and Leka, K. D. and McTiernan, J. M.},
  month = dec,
  year = {2008},
  pages = {1388-1405}
}

@article{gburek_sphinx_2011,
  title = {{{SphinX}} Soft {{X}}-Ray Spectrophotometer: {{Science}} Objectives, Design and Performance},
  volume = {45},
  issn = {0038-0946, 1608-3423},
  shorttitle = {{{SphinX}} Soft {{X}}-Ray Spectrophotometer},
  doi = {10.1134/S0038094611020067},
  language = {en},
  number = {3},
  journal = {Solar System Research},
  author = {Gburek, S. and Sylwester, J. and Kowalinski, M. and Bakala, J. and Kordylewski, Z. and Podgorski, P. and Plocieniak, S. and Siarkowski, M. and Sylwester, B. and Trzebinski, W. and Kuzin, S. V. and Pertsov, A. A. and Kotov, Yu D. and Farnik, F. and Reale, F. and Phillips, K. J. H.},
  month = may,
  year = {2011},
  pages = {189-199}
}

@article{bradshaw_new_2010,
  title = {A {{New Enthalpy}}-{{Based Approach}} to the {{Transition Region}} in an {{Impulsively Heated Corona}}},
  volume = {710},
  issn = {0004-637X},
  doi = {10.1088/2041-8205/710/1/L39},
  journal = {The Astrophysical Journal Letters},
  author = {Bradshaw, S. J. and Cargill, P. J.},
  month = feb,
  year = {2010},
  pages = {L39-L43}
}

@article{gary_plasma_2001,
  title = {Plasma {{Beta}} above a {{Solar Active Region}}: {{Rethinking}} the {{Paradigm}}},
  volume = {203},
  issn = {0038-0938},
  shorttitle = {Plasma {{Beta}} above a {{Solar Active Region}}},
  doi = {10.1023/A:1012722021820},
  journal = {Solar Physics},
  author = {Gary, G. Allen},
  month = oct,
  year = {2001},
  pages = {71-86}
}

@article{hudson_solar_1991,
  title = {Solar Flares, Microflares, Nanoflares, and Coronal Heating},
  volume = {133},
  issn = {0038-0938},
  doi = {10.1007/BF00149894},
  journal = {Solar Physics},
  author = {Hudson, H. S.},
  month = jun,
  year = {1991},
  pages = {357-369}
}

@article{parker_sweets_1957,
  title = {Sweet's {{Mechanism}} for {{Merging Magnetic Fields}} in {{Conducting Fluids}}},
  volume = {62},
  issn = {0148-0227},
  doi = {10.1029/JZ062i004p00509},
  journal = {Journal of Geophysical Research},
  author = {Parker, E. N.},
  month = dec,
  year = {1957},
  pages = {509-520}
}

@article{mariska_numerical_1989,
  title = {Numerical Simulations of Impulsively Heated Solar Flares},
  volume = {341},
  issn = {0004-637X},
  doi = {10.1086/167564},
  journal = {The Astrophysical Journal},
  author = {Mariska, John T. and Emslie, A. Gordon and Li, Peng},
  month = jun,
  year = {1989},
  pages = {1067-1074}
}

@article{shull_ionization_1982,
  title = {The Ionization Equilibrium of Astrophysically Abundant Elements},
  volume = {48},
  issn = {0067-0049},
  doi = {10.1086/190769},
  journal = {The Astrophysical Journal Supplement Series},
  author = {Shull, J. M. and {van Steenberg}, M.},
  month = jan,
  year = {1982},
  pages = {95-107}
}

@article{tajfirouze_time-resolved_2016,
  title = {Time-Resolved {{Emission}} from {{Bright Hot Pixels}} of an {{Active Region Observed}} in the {{EUV Band}} with {{SDO}}/{{AIA}} and {{Multi}}-Stranded {{Loop Modeling}}},
  volume = {816},
  issn = {0004-637X},
  doi = {10.3847/0004-637X/816/1/12},
  language = {en},
  number = {1},
  journal = {The Astrophysical Journal},
  author = {Tajfirouze, E. and Reale, F. and Petralia, A. and Testa, P.},
  year = {2016},
  pages = {12}
}

@article{vaiana_identification_1973,
  title = {Identification and {{Analysis}} of {{Structures}} in the {{Corona}} from {{X}}-{{Ray Photography}}},
  volume = {32},
  issn = {0038-0938},
  doi = {10.1007/BF00152731},
  journal = {Solar Physics},
  author = {Vaiana, G. S. and Krieger, A. S. and Timothy, A. F.},
  month = sep,
  year = {1973},
  pages = {81-116}
}

@article{pedregosa_scikit-learn_2011,
  title = {Scikit-Learn: {{Machine Learning}} in {{Python}}},
  volume = {12},
  shorttitle = {Scikit-Learn},
  journal = {Journal of Machine Learning Research},
  author = {Pedregosa, Fabian and Varoquaux, Ga\"el and Gramfort, Alexandre and Michel, Vincent and Thirion, Bertrand and Grisel, Olivier and Blondel, Mathieu and Prettenhofer, Peter and Weiss, Ron and Dubourg, Vincent and Vanderplas, Jake and Passos, Alexandre and Cournapeau, David and Brucher, Matthieu and Perrot, Matthieu and Duchesnay, \'Edouard},
  month = oct,
  year = {2011},
  pages = {2825-2830}
}

@article{bradshaw_what_2011,
  title = {What {{Dominates}} the {{Coronal Emission Spectrum During}} the {{Cycle}} of {{Impulsive Heating}} and {{Cooling}}?},
  volume = {194},
  issn = {0067-0049},
  doi = {10.1088/0067-0049/194/2/26},
  journal = {The Astrophysical Journal Supplement Series},
  author = {Bradshaw, S. J. and Klimchuk, J. A.},
  month = jun,
  year = {2011},
  pages = {26}
}

@article{cargill_nanoflare_2004,
  title = {Nanoflare {{Heating}} of the {{Corona Revisited}}},
  volume = {605},
  issn = {0004-637X},
  doi = {10.1086/382526},
  language = {en},
  number = {2},
  journal = {The Astrophysical Journal},
  author = {Cargill, Peter J. and Klimchuk, James A.},
  month = apr,
  year = {2004},
  pages = {911}
}

@article{sutherland_accurate_1998,
  title = {Accurate Free-Free {{Gaunt}} Factors for Astrophysical Plasmas},
  volume = {300},
  issn = {0035-8711},
  doi = {10.1046/j.1365-8711.1998.01687.x},
  journal = {Monthly Notices of the Royal Astronomical Society},
  author = {Sutherland, Ralph S.},
  month = oct,
  year = {1998},
  pages = {321-330}
}

@article{johnston_new_2017,
  title = {A New Approach for Modelling Chromospheric Evaporation in Response to Enhanced Coronal Heating. {{I}}. {{The}} Method},
  volume = {597},
  issn = {0004-6361},
  doi = {10.1051/0004-6361/201629153},
  journal = {Astronomy and Astrophysics},
  author = {Johnston, C. D. and Hood, A. W. and Cargill, P. J. and De Moortel, I.},
  month = jan,
  year = {2017},
  pages = {A81}
}

@article{winebarger_investigation_2016,
  title = {An {{Investigation}} of {{Time Lag Maps Using Three}}-Dimensional {{Simulations}} of {{Highly Stratified Heating}}},
  volume = {831},
  issn = {0004-637X},
  doi = {10.3847/0004-637X/831/2/172},
  language = {en},
  number = {2},
  journal = {The Astrophysical Journal},
  author = {Winebarger, Amy R. and Lionello, Roberto and Downs, Cooper and Miki\'c, Zoran and Linker, Jon and Mok, Yung},
  year = {2016},
  pages = {172}
}

@article{martens_scaling_2010,
  title = {Scaling {{Laws}} and {{Temperature Profiles}} for {{Solar}} and {{Stellar Coronal Loops}} with {{Non}}-Uniform {{Heating}}},
  volume = {714},
  issn = {0004-637X},
  doi = {10.1088/0004-637X/714/2/1290},
  journal = {The Astrophysical Journal},
  author = {Martens, P. C. H.},
  month = may,
  year = {2010},
  pages = {1290-1304}
}

@article{young_chianti_1998,
  title = {{{CHIANTI}}: An Atomic Database for Emission Lines. {{II}}. {{Comparison}} with the {{SERTS}}-89 Active Region Spectrum},
  volume = {329},
  issn = {0004-6361},
  shorttitle = {{{CHIANTI}}},
  journal = {Astronomy and Astrophysics},
  author = {Young, P. R. and Landi, E. and Thomas, R. J.},
  month = jan,
  year = {1998},
  pages = {291-314}
}

@article{ono_ion_1996,
  title = {Ion {{Acceleration}} and {{Direct Ion Heating}} in {{Three}}-{{Component Magnetic Reconnection}}},
  volume = {76},
  doi = {10.1103/PhysRevLett.76.3328},
  number = {18},
  journal = {Physical Review Letters},
  author = {Ono, Y. and Yamada, M. and Akao, T. and Tajima, T. and Matsumoto, R.},
  month = apr,
  year = {1996},
  pages = {3328-3331}
}

@article{thompson_coordinate_2006,
  title = {Coordinate Systems for Solar Image Data},
  volume = {449},
  issn = {0004-6361},
  doi = {10.1051/0004-6361:20054262},
  journal = {Astronomy and Astrophysics},
  author = {Thompson, W. T.},
  month = apr,
  year = {2006},
  pages = {791-803}
}

@article{markovskii_intermittent_2004,
  title = {Intermittent {{Heating}} of the {{Solar Corona}} by {{Heat Flux}}-Generated {{Ion Cyclotron Waves}}},
  volume = {609},
  issn = {0004-637X},
  doi = {10.1086/421323},
  language = {en},
  number = {2},
  journal = {The Astrophysical Journal},
  author = {Markovskii, S. A. and Hollweg, Joseph V.},
  month = jul,
  year = {2004},
  pages = {1112}
}

@article{jordan_energy_1980,
  title = {The Energy Balance of the Solar Transition Region},
  volume = {86},
  issn = {0004-6361},
  journal = {Astronomy and Astrophysics},
  author = {Jordan, C.},
  month = jun,
  year = {1980},
  pages = {355-363}
}

@article{bradshaw_diagnosing_2012,
  title = {Diagnosing the {{Time}}-Dependence of {{Active Region Core Heating}} from the {{Emission Measure}}. {{I}}. {{Low}}-Frequency {{Nanoflares}}},
  volume = {758},
  issn = {0004-637X},
  doi = {10.1088/0004-637X/758/1/53},
  journal = {The Astrophysical Journal},
  author = {Bradshaw, S. J. and Klimchuk, J. A. and Reep, J. W.},
  month = oct,
  year = {2012},
  pages = {53}
}

@article{shen_lagrangian_2015,
  title = {A {{Lagrangian}} Scheme for Time-Dependent Ionization in Simulations of Astrophysical Plasmas},
  volume = {12},
  issn = {2213-1337},
  doi = {10.1016/j.ascom.2015.04.003},
  journal = {Astronomy and Computing},
  author = {Shen, C. and Raymond, J. C. and Murphy, N. A. and Lin, J.},
  month = sep,
  year = {2015},
  pages = {1-10}
}

@article{parker_dynamics_1958,
  title = {Dynamics of the {{Interplanetary Gas}} and {{Magnetic Fields}}.},
  volume = {128},
  issn = {0004-637X},
  doi = {10.1086/146579},
  journal = {The Astrophysical Journal},
  author = {Parker, E. N.},
  month = nov,
  year = {1958},
  pages = {664}
}

@article{froment_long-period_2017,
  title = {Long-Period {{Intensity Pulsations}} in {{Coronal Loops Explained}} by {{Thermal Non}}-Equilibrium {{Cycles}}},
  volume = {835},
  issn = {0004-637X},
  doi = {10.3847/1538-4357/835/2/272},
  journal = {The Astrophysical Journal},
  author = {Froment, C. and Auch\`ere, F. and Aulanier, G. and Miki\'c, Z. and Bocchialini, K. and Buchlin, E. and Solomon, J.},
  month = feb,
  year = {2017},
  pages = {272}
}

@article{young_chiantiatomic_2009,
  title = {Chianti\textemdash{{An Atomic Database}} for {{Emission Lines}}. {{XI}}. {{Extreme}}-{{Ultraviolet Emission Lines}} of {{Fe VII}}, {{Fe VIII}}, and {{Fe IX Observed}} by {{Hinode}}/{{EIS}}},
  volume = {707},
  issn = {0004-637X},
  doi = {10.1088/0004-637X/707/1/173},
  journal = {The Astrophysical Journal},
  author = {Young, P. R. and Landi, E.},
  month = dec,
  year = {2009},
  pages = {173-192}
}

@article{dere_chianti_1997,
  title = {{{CHIANTI}} - an Atomic Database for Emission Lines - {{I}}. {{Wavelengths}} Greater than 50 {{\AA}}},
  volume = {125},
  doi = {10.1051/aas:1997368},
  number = {1},
  journal = {Astronomy and Astrophysics Supplement Series},
  author = {Dere, K. P. and Landi, E. and Mason, H. E. and Fossi, B. C. Monsignori and Young, P. R.},
  year = {1997},
  pages = {25}
}

@article{antiochos_evaporative_1978,
  title = {Evaporative Cooling of Flare Plasma},
  volume = {220},
  issn = {0004-637X},
  doi = {10.1086/155999},
  journal = {The Astrophysical Journal},
  author = {Antiochos, S. K. and Sturrock, P. A.},
  month = mar,
  year = {1978},
  pages = {1137-1143}
}

@article{parker_solar-flare_1963,
  title = {The {{Solar}}-{{Flare Phenomenon}} and the {{Theory}} of {{Reconnection}} and {{Annihiliation}} of {{Magnetic Fields}}.},
  volume = {8},
  issn = {0067-0049},
  doi = {10.1086/190087},
  journal = {The Astrophysical Journal Supplement Series},
  author = {Parker, E. N.},
  month = jul,
  year = {1963},
  pages = {177}
}

@article{reep_diagnosing_2013,
  title = {Diagnosing the {{Time Dependence}} of {{Active Region Core Heating}} from the {{Emission Measure}}. {{II}}. {{Nanoflare Trains}}},
  volume = {764},
  issn = {0004-637X},
  doi = {10.1088/0004-637X/764/2/193},
  journal = {The Astrophysical Journal},
  author = {Reep, J. W. and Bradshaw, S. J. and Klimchuk, J. A.},
  month = feb,
  year = {2013},
  pages = {193}
}

@inproceedings{cargill_diagnostics_1995,
  address = {Sunspot, New Mexico, USA},
  title = {Diagnostics of {{Coronal Heating}}},
  booktitle = {Proceedings of the 15th {{National Solar Observatory}}/{{Sacramento Peak Summer Workshop}}},
  publisher = {{World Scientific}},
  author = {Cargill, P. J.},
  year = {1995},
  pages = {17}
}

@article{wiegelmann_solar_2012,
  title = {Solar {{Force}}-Free {{Magnetic Fields}}},
  volume = {9},
  doi = {10.12942/lrsp-2012-5},
  journal = {Living Reviews in Solar Physics},
  author = {Wiegelmann, Thomas and Sakurai, Takashi},
  month = sep,
  year = {2012}
}

@book{phillips_ultraviolet_2008,
  address = {Cambridge, UK},
  title = {Ultraviolet and {{X}}-Ray {{Spectroscopy}} of the {{Solar Atmosphere}}},
  publisher = {{Cambridge University Press}},
  author = {Phillips, Kenneth J. H. and Feldman, Uri and Landi, Enrico},
  month = jun,
  year = {2008}
}

@article{edlen_deutung_1943,
  title = {Die {{Deutung}} Der {{Emissionslinien}} Im {{Spektrum}} Der {{Sonnenkorona}}. {{Mit}} 6 {{Abbildungen}}.},
  volume = {22},
  issn = {0372-8331},
  journal = {Zeitschrift f\"ur Astrophysik},
  author = {Edl\'en, Bengt},
  year = {1943},
  pages = {30}
}

@article{gold_magnetic_1964,
  title = {Magnetic {{Energy Shedding}} in the {{Solar Atmosphere}}},
  volume = {50},
  journal = {NASA Special Publication},
  author = {Gold, T.},
  year = {1964},
  pages = {389}
}

@book{golub_solar_2010,
  title = {The {{Solar Corona}}},
  isbn = {978-0-521-88201-9},
  publisher = {{Cambridge, UK ; New York : Cambridge University Press, 2010.}},
  author = {Golub, L. and Pasachoff, Jay M.},
  year = {2010}
}

@article{reale_evidence_2009,
  title = {Evidence of {{Widespread Hot Plasma}} in a {{Nonflaring Coronal Active Region}} from {{Hinode}}/{{X}}-{{Ray Telescope}}},
  volume = {698},
  issn = {0004-637X},
  doi = {10.1088/0004-637X/698/1/756},
  journal = {The Astrophysical Journal},
  author = {Reale, Fabio and Testa, Paola and Klimchuk, James A. and Parenti, Susanna},
  month = jun,
  year = {2009},
  pages = {756-765}
}

@article{de_moortel_longitudinal_2002,
  title = {Longitudinal Intensity Oscillations in Coronal Loops Observed with {{TRACE}}   {{I}}. {{Overview}} of {{Measured Parameters}}},
  volume = {209},
  issn = {0038-0938},
  doi = {10.1023/A:1020956421063},
  journal = {Solar Physics},
  author = {De Moortel, I. and Ireland, J. and Walsh, R. W. and Hood, A. W.},
  month = sep,
  year = {2002},
  pages = {61-88}
}

@article{antiochos_constraints_2003,
  title = {Constraints on {{Active Region Coronal Heating}}},
  volume = {590},
  issn = {0004-637X},
  doi = {10.1086/375003},
  journal = {The Astrophysical Journal},
  author = {Antiochos, S. K. and Karpen, J. T. and DeLuca, E. E. and Golub, L. and Hamilton, P.},
  month = jun,
  year = {2003},
  pages = {547-553}
}

@article{winebarger_defining_2012,
  title = {Defining the "{{Blind Spot}}" of {{Hinode EIS}} and {{XRT Temperature Measurements}}},
  volume = {746},
  issn = {0004-637X},
  doi = {10.1088/2041-8205/746/2/L17},
  journal = {The Astrophysical Journal Letters},
  author = {Winebarger, Amy R. and Warren, Harry P. and Schmelz, Joan T. and Cirtain, Jonathan and {Mulu-Moore}, Fana and Golub, Leon and Kobayashi, Ken},
  month = feb,
  year = {2012},
  pages = {L17}
}

@article{klimchuk_solving_2006,
  title = {On {{Solving}} the {{Coronal Heating Problem}}},
  volume = {234},
  issn = {0038-0938, 1573-093X},
  doi = {10.1007/s11207-006-0055-z},
  language = {en},
  number = {1},
  journal = {Solar Physics},
  author = {Klimchuk, James A.},
  month = mar,
  year = {2006},
  pages = {41-77}
}

@article{viall_signatures_2016,
  title = {Signatures of {{Steady Heating}} in {{Time Lag Analysis}} of {{Coronal Emission}}},
  volume = {828},
  doi = {10.3847/0004-637X/828/2/76},
  journal = {The Astrophysical Journal},
  author = {Viall, Nicholeen M. and Klimchuk, James A.},
  month = sep,
  year = {2016}
}

@article{caspi_new_2015,
  title = {New {{Observations}} of the {{Solar}} 0.5-5 {{keV Soft X}}-{{Ray Spectrum}}},
  volume = {802},
  issn = {0004-637X},
  doi = {10.1088/2041-8205/802/1/L2},
  journal = {The Astrophysical Journal Letters},
  author = {Caspi, Amir and Woods, Thomas N. and Warren, Harry P.},
  month = mar,
  year = {2015},
  pages = {L2}
}

@article{golub_x-ray_2007,
  title = {The {{X}}-{{Ray Telescope}} ({{XRT}}) for the {{Hinode Mission}}},
  volume = {243},
  issn = {0038-0938},
  doi = {10.1007/s11207-007-0182-1},
  journal = {Solar Physics},
  author = {Golub, L. and Deluca, E. and Austin, G. and Bookbinder, J. and Caldwell, D. and Cheimets, P. and Cirtain, J. and Cosmo, M. and Reid, P. and Sette, A. and Weber, M. and Sakao, T. and Kano, R. and Shibasaki, K. and Hara, H. and Tsuneta, S. and Kumagai, K. and Tamura, T. and Shimojo, M. and McCracken, J. and Carpenter, J. and Haight, H. and Siler, R. and Wright, E. and Tucker, J. and Rutledge, H. and Barbera, M. and Peres, G. and Varisco, S.},
  month = jun,
  year = {2007},
  pages = {63-86}
}

@article{dudik_nonequilibrium_2017,
  title = {Nonequilibrium {{Processes}} in the {{Solar Corona}}, {{Transition Region}}, {{Flares}}, and {{Solar Wind}} ({{Invited Review}})},
  volume = {292},
  issn = {0038-0938, 1573-093X},
  doi = {10.1007/s11207-017-1125-0},
  language = {en},
  number = {8},
  journal = {Solar Physics},
  author = {Dud\'ik, Jaroslav and Dzif{\v c}\'akov\'a, Elena and {Meyer-Vernet}, Nicole and Zanna, Giulio Del and Young, Peter R. and Giunta, Alessandra and Sylwester, Barbara and Sylwester, Janusz and Oka, Mitsuo and Mason, Helen E. and Vocks, Christian and Matteini, Lorenzo and Krucker, S\"am and Williams, David R. and Mackovjak, {\v S}imon},
  month = aug,
  year = {2017},
  pages = {100}
}

@article{hannah_differential_2012,
  title = {Differential Emission Measures from the Regularized Inversion of {{Hinode}} and {{SDO}} Data},
  volume = {539},
  issn = {0004-6361},
  doi = {10.1051/0004-6361/201117576},
  journal = {Astronomy and Astrophysics},
  author = {Hannah, I. G. and Kontar, E. P.},
  month = mar,
  year = {2012},
  pages = {A146}
}

@article{braginskii_transport_1965,
  title = {Transport {{Processes}} in a {{Plasma}}},
  volume = {1},
  journal = {Reviews of Plasma Physics},
  author = {Braginskii, S. I.},
  year = {1965},
  pages = {205}
}

@book{carroll_introduction_2007,
  address = {San Francisco},
  edition = {second},
  title = {An {{Introduction}} to {{Modern Astrophysics}}},
  publisher = {{Pearson}},
  author = {Carroll, Bradley W. and Ostlie, Dale A.},
  year = {2007},
  annote = {Electronic access: Table of contents http://www.loc.gov/catdir/toc/ecip0613/2006015391.html
Electronic access: Table of contents http://www.loc.gov/catdir/toc/ecip0613/2006015391.html
Bibliography note: Includes bibliographical references and index
Held by: FONDREN}
}

@article{klimchuk_can_2010,
  title = {Can {{Thermal Nonequilibrium Explain Coronal Loops}}?},
  volume = {714},
  issn = {0004-637X},
  doi = {10.1088/0004-637X/714/2/1239},
  language = {en},
  number = {2},
  journal = {The Astrophysical Journal},
  author = {Klimchuk, James A. and Karpen, Judy T. and Antiochos, Spiro K.},
  year = {2010},
  pages = {1239}
}

@article{cargill_implications_1994,
  title = {Some Implications of the Nanoflare Concept},
  volume = {422},
  issn = {0004-637X},
  doi = {10.1086/173733},
  journal = {The Astrophysical Journal},
  author = {Cargill, Peter J.},
  month = feb,
  year = {1994},
  pages = {381-393}
}

@article{tripathi_emission_2011,
  title = {Emission {{Measure Distribution}} and {{Heating}} of {{Two Active Region Cores}}},
  volume = {740},
  issn = {0004-637X},
  doi = {10.1088/0004-637X/740/2/111},
  journal = {The Astrophysical Journal},
  author = {Tripathi, Durgesh and Klimchuk, James A. and Mason, Helen E.},
  month = oct,
  year = {2011},
  pages = {111}
}

@article{withbroe_mass_1977,
  title = {Mass and Energy Flow in the Solar Chromosphere and Corona},
  volume = {15},
  issn = {0066-4146},
  doi = {10.1146/annurev.aa.15.090177.002051},
  journal = {Annual Review of Astronomy and Astrophysics},
  author = {Withbroe, G. L. and Noyes, R. W.},
  year = {1977},
  pages = {363-387}
}

@article{welsch_deriving_2016,
  title = {Deriving {{Potential Coronal Magnetic Fields}} from {{Vector Magnetograms}}},
  volume = {291},
  issn = {0038-0938},
  doi = {10.1007/s11207-016-0938-6},
  journal = {Solar Physics},
  author = {Welsch, Brian T. and Fisher, George H.},
  month = aug,
  year = {2016},
  pages = {1681-1710}
}

@article{klimchuk_highly_2008,
  title = {Highly {{Efficient Modeling}} of {{Dynamic Coronal Loops}}},
  volume = {682},
  issn = {0004-637X},
  doi = {10.1086/589426},
  journal = {The Astrophysical Journal},
  author = {Klimchuk, J. A. and Patsourakos, S. and Cargill, P. J.},
  month = aug,
  year = {2008},
  pages = {1351-1362}
}

@article{freedman_histogram_1981,
  title = {On the Histogram as a Density Estimator:{{L}} 2 Theory},
  volume = {57},
  issn = {0044-3719, 1432-2064},
  shorttitle = {On the Histogram as a Density Estimator},
  doi = {10.1007/BF01025868},
  language = {en},
  number = {4},
  journal = {Zeitschrift f\"ur Wahrscheinlichkeitstheorie und Verwandte Gebiete},
  author = {Freedman, David and Diaconis, Persi},
  month = dec,
  year = {1981},
  pages = {453-476}
}

@article{dere_chianti_2009,
  title = {{{CHIANTI}} - an Atomic Database for Emission Lines. {{IX}}. {{Ionization}} Rates, Recombination Rates, Ionization Equilibria for the Elements Hydrogen through Zinc and Updated Atomic Data},
  volume = {498},
  issn = {0004-6361},
  doi = {10.1051/0004-6361/200911712},
  journal = {Astronomy and Astrophysics},
  author = {Dere, K. P. and Landi, E. and Young, P. R. and Del Zanna, G. and Landini, M. and Mason, H. E.},
  month = may,
  year = {2009},
  pages = {915-929}
}

@article{antiochos_influence_1976,
  title = {Influence of Magnetic Field Structure on the Conduction Cooling of Flare Loops},
  volume = {49},
  issn = {0038-0938},
  doi = {10.1007/BF00162458},
  journal = {Solar Physics},
  author = {Antiochos, S. K. and Sturrock, P. A.},
  month = aug,
  year = {1976},
  pages = {359-367}
}

@article{bradshaw_explosive_2006,
  title = {Explosive Heating of Low-Density Coronal Plasma},
  volume = {458},
  issn = {0004-6361},
  doi = {10.1051/0004-6361:20065691},
  journal = {Astronomy and Astrophysics},
  author = {Bradshaw, S. J. and Cargill, P. J.},
  month = nov,
  year = {2006},
  pages = {987-995}
}

@article{viall_evidence_2012,
  title = {Evidence for {{Widespread Cooling}} in an {{Active Region Observed}} with the {{SDO Atmospheric Imaging Assembly}}},
  volume = {753},
  issn = {0004-637X},
  doi = {10.1088/0004-637X/753/1/35},
  journal = {The Astrophysical Journal},
  author = {Viall, Nicholeen M. and Klimchuk, James A.},
  month = jul,
  year = {2012},
  pages = {35}
}

@article{del_zanna_evolution_2015,
  title = {The Evolution of the Emission Measure Distribution in the Core of an Active Region},
  volume = {573},
  issn = {0004-6361},
  doi = {10.1051/0004-6361/201424561},
  journal = {Astronomy and Astrophysics},
  author = {Del Zanna, Giulio and Tripathi, Durgesh and Mason, Helen and Subramanian, Srividya and O'Dwyer, Brendan},
  month = jan,
  year = {2015},
  pages = {A104}
}

@article{ciaravella_non-local_1991,
  title = {Non-Local Heat Transport in Static Solar Coronal Loops},
  volume = {132},
  issn = {0038-0938, 1573-093X},
  doi = {10.1007/BF00152289},
  language = {en},
  number = {2},
  journal = {Solar Physics},
  author = {Ciaravella, A. and Peres, G. and Serio, S.},
  month = apr,
  year = {1991},
  pages = {279-291}
}

@article{cargill_active_2014,
  title = {Active {{Region Emission Measure Distributions}} and {{Implications}} for {{Nanoflare Heating}}},
  volume = {784},
  issn = {0004-637X},
  doi = {10.1088/0004-637X/784/1/49},
  journal = {The Astrophysical Journal},
  author = {Cargill, P. J.},
  month = mar,
  year = {2014},
  pages = {49}
}

@article{bradshaw_influence_2013,
  title = {The {{Influence}} of {{Numerical Resolution}} on {{Coronal Density}} in {{Hydrodynamic Models}} of {{Impulsive Heating}}},
  volume = {770},
  issn = {0004-637X},
  doi = {10.1088/0004-637X/770/1/12},
  journal = {The Astrophysical Journal},
  author = {Bradshaw, S. J. and Cargill, P. J.},
  month = jun,
  year = {2013},
  pages = {12}
}

@article{bradshaw_cooling_2010,
  title = {The {{Cooling}} of {{Coronal Plasmas III}}: {{Enthalpy Transfer}} as a {{Mechanism}} for {{Energy Loss}}},
  volume = {717},
  issn = {0004-637X, 1538-4357},
  doi = {10.1088/0004-637X/717/1/163},
  number = {1},
  journal = {The Astrophysical Journal},
  author = {Bradshaw, S. J. and Cargill, P. J.},
  month = jul,
  year = {2010},
  pages = {163-174}
}

@article{ofman_self-consistent_1998,
  title = {A {{Self}}-Consistent {{Model}} for the {{Resonant Heating}} of {{Coronal Loops}}: {{The Effects}} of {{Coupling}} with the {{Chromosphere}}},
  volume = {493},
  issn = {0004-637X},
  shorttitle = {A {{Self}}-Consistent {{Model}} for the {{Resonant Heating}} of {{Coronal Loops}}},
  doi = {10.1086/305109},
  journal = {The Astrophysical Journal},
  author = {Ofman, L. and Klimchuk, J. A. and Davila, J. M.},
  month = jan,
  year = {1998},
  pages = {474-479}
}

@article{jordan_structure_1976,
  title = {The Structure and Energy Balance of Solar Active Regions},
  volume = {281},
  issn = {1364-503X},
  doi = {10.1098/rsta.1976.0037},
  journal = {Philosophical Transactions of the Royal Society of London Series A},
  author = {Jordan, C.},
  month = may,
  year = {1976},
  pages = {391-404}
}

@article{freeland_data_1998,
  title = {Data {{Analysis}} with the {{SolarSoft System}}},
  volume = {182},
  issn = {0038-0938},
  doi = {10.1023/A:1005038224881},
  journal = {Solar Physics},
  author = {Freeland, S. L. and Handy, B. N.},
  month = oct,
  year = {1998},
  pages = {497-500}
}

@article{pesnell_solar_2012,
  title = {The {{Solar Dynamics Observatory}} ({{SDO}})},
  volume = {275},
  issn = {0038-0938},
  doi = {10.1007/s11207-011-9841-3},
  journal = {Solar Physics},
  author = {Pesnell, W. Dean and Thompson, B. J. and Chamberlin, P. C.},
  month = jan,
  year = {2012},
  pages = {3-15}
}

@article{landi_chiantiatomic_2013,
  title = {{{CHIANTI}}\textemdash{{An Atomic Database}} for {{Emission Lines}}. {{XIII}}. {{Soft X}}-{{Ray Improvements}} and {{Other Changes}}},
  volume = {763},
  issn = {0004-637X},
  doi = {10.1088/0004-637X/763/2/86},
  journal = {The Astrophysical Journal},
  author = {Landi, E. and Young, P. R. and Dere, K. P. and Del Zanna, G. and Mason, H. E.},
  month = feb,
  year = {2013},
  pages = {86}
}

@article{landi_chianti_1999,
  title = {{{CHIANTI}} - an Atomic Database for Emission Lines. {{III}}. {{Continuum}} Radiation and Extension of the Ion Database},
  volume = {135},
  issn = {0365-0138},
  doi = {10.1051/aas:1999449},
  journal = {Astronomy and Astrophysics Supplement Series},
  author = {Landi, E. and Landini, M. and Dere, K. P. and Young, P. R. and Mason, H. E.},
  month = mar,
  year = {1999},
  pages = {339-346}
}

@article{winebarger_using_2011,
  title = {Using a {{Differential Emission Measure}} and {{Density Measurements}} in an {{Active Region Core}} to {{Test}} a {{Steady Heating Model}}},
  volume = {740},
  issn = {0004-637X},
  doi = {10.1088/0004-637X/740/1/2},
  journal = {The Astrophysical Journal},
  author = {Winebarger, Amy R. and Schmelz, Joan T. and Warren, Harry P. and Saar, Steve H. and Kashyap, Vinay L.},
  month = oct,
  year = {2011},
  pages = {2}
}

@article{bradshaw_radiative_2003,
  title = {The Radiative Response of Solar Loop Plasma Subject to Transient Heating},
  volume = {407},
  issn = {0004-6361},
  doi = {10.1051/0004-6361:20030986},
  journal = {Astronomy and Astrophysics},
  author = {Bradshaw, S. J. and Mason, H. E.},
  month = sep,
  year = {2003},
  pages = {1127-1138}
}

@article{cargill_enthalpy-based_2012-1,
  title = {Enthalpy-Based {{Thermal Evolution}} of {{Loops}}. {{III}}. {{Comparison}} of {{Zero}}-Dimensional {{Models}}},
  volume = {758},
  issn = {0004-637X},
  doi = {10.1088/0004-637X/758/1/5},
  journal = {The Astrophysical Journal},
  author = {Cargill, P. J. and Bradshaw, S. J. and Klimchuk, J. A.},
  month = oct,
  year = {2012},
  pages = {5}
}

@article{aschwanden_benchmark_2015,
  title = {Benchmark {{Test}} of {{Differential Emission Measure Codes}} and {{Multi}}-Thermal {{Energies}} in {{Solar Active Regions}}},
  volume = {290},
  issn = {0038-0938, 1573-093X},
  doi = {10.1007/s11207-015-0790-0},
  language = {en},
  number = {10},
  journal = {Solar Physics},
  author = {Aschwanden, Markus J. and Boerner, Paul and Caspi, Amir and McTiernan, James M. and Ryan, Daniel and Warren, Harry},
  month = oct,
  year = {2015},
  pages = {2733-2763}
}

@article{klimchuk_key_2015,
  title = {Key Aspects of Coronal Heating},
  volume = {373},
  issn = {1364-503X},
  doi = {10.1098/rsta.2014.0256},
  journal = {Philosophical Transactions of the Royal Society of London Series A},
  author = {Klimchuk, James A.},
  month = apr,
  year = {2015},
  pages = {20140256-20140256}
}

@article{aschwanden_modeling_2001,
  title = {Modeling of {{Coronal EUV Loops Observed}} with {{TRACE}}. {{I}}. {{Hydrostatic Solutions}} with {{Nonuniform Heating}}},
  volume = {550},
  issn = {0004-637X},
  doi = {10.1086/319796},
  journal = {The Astrophysical Journal},
  author = {Aschwanden, Markus J. and Schrijver, Carolus J. and Alexander, David},
  month = apr,
  year = {2001},
  pages = {1036-1050}
}

@article{parker_nanoflares_1988,
  title = {Nanoflares and the Solar {{X}}-Ray Corona},
  volume = {330},
  issn = {0004-637X},
  doi = {10.1086/166485},
  journal = {The Astrophysical Journal},
  author = {Parker, E. N.},
  month = jul,
  year = {1988},
  pages = {474-479}
}

@article{itoh_relativistic_2000,
  title = {Relativistic {{Thermal Bremsstrahlung Gaunt Factor}} for the {{Intracluster Plasma}}. {{II}}. {{Analytic Fitting Formulae}}},
  volume = {128},
  issn = {0067-0049},
  doi = {10.1086/313375},
  journal = {The Astrophysical Journal Supplement Series},
  author = {Itoh, Naoki and Sakamoto, Tsuyoshi and Kusano, Shugo and Nozawa, Satoshi and Kohyama, Yasuharu},
  month = may,
  year = {2000},
  pages = {125-138}
}

@article{froment_evidence_2015,
  title = {Evidence for {{Evaporation}}-Incomplete {{Condensation Cycles}} in {{Warm Solar Coronal Loops}}},
  volume = {807},
  issn = {0004-637X},
  doi = {10.1088/0004-637X/807/2/158},
  journal = {The Astrophysical Journal},
  author = {Froment, C. and Auch\`ere, F. and Bocchialini, K. and Buchlin, E. and Guennou, C. and Solomon, J.},
  month = jul,
  year = {2015},
  pages = {158}
}

@book{rybicki_radiative_1979,
  title = {Radiative Processes in Astrophysics},
  isbn = {0-471-04815-1},
  publisher = {{New York : Wiley}},
  author = {Rybicki, George B. and Lightman, Alan P.},
  year = {1979}
}

@article{patsourakos_coronal_2005,
  title = {Coronal {{Loop Heating}} by {{Nanoflares}}: {{The Impact}} of the {{Field}}-Aligned {{Distribution}} of the {{Heating}} on {{Loop Observations}}},
  volume = {628},
  issn = {0004-637X},
  shorttitle = {Coronal {{Loop Heating}} by {{Nanoflares}}},
  doi = {10.1086/430662},
  journal = {The Astrophysical Journal},
  author = {Patsourakos, S. and Klimchuk, J. A.},
  month = aug,
  year = {2005},
  pages = {1023-1030}
}

@article{reale_nonequilibrium_2008,
  title = {Nonequilibrium of {{Ionization}} and the {{Detection}} of {{Hot Plasma}} in {{Nanoflare}}-Heated {{Coronal Loops}}},
  volume = {684},
  issn = {0004-637X},
  doi = {10.1086/590338},
  journal = {The Astrophysical Journal},
  author = {Reale, Fabio and Orlando, Salvatore},
  month = sep,
  year = {2008},
  pages = {715-724}
}

@article{bradshaw_patterns_2016,
  title = {Patterns of {{Activity}} in a {{Global Model}} of a {{Solar Active Region}}},
  volume = {821},
  issn = {0004-637X},
  doi = {10.3847/0004-637X/821/1/63},
  journal = {The Astrophysical Journal},
  author = {Bradshaw, S. J. and Viall, N. M.},
  month = apr,
  year = {2016},
  pages = {63}
}

@article{young_chianti_2016,
  title = {The {{CHIANTI}} Atomic Database},
  volume = {49},
  issn = {0953-4075},
  doi = {10.1088/0953-4075/49/7/074009},
  language = {en},
  number = {7},
  journal = {Journal of Physics B: Atomic, Molecular and Optical Physics},
  author = {Young, P. R. and Dere, K. P. and Landi, E. and Zanna, G. Del and Mason, H. E.},
  year = {2016},
  pages = {074009}
}

@article{schmelz_hinode_2009,
  title = {Hinode {{X}}-{{Ray Telescope Detection}} of {{Hot Emission}} from {{Quiescent Active Regions}}: {{A Nanoflare Signature}}?},
  volume = {693},
  issn = {0004-637X},
  shorttitle = {Hinode {{X}}-{{Ray Telescope Detection}} of {{Hot Emission}} from {{Quiescent Active Regions}}},
  doi = {10.1088/0004-637X/693/2/L131},
  journal = {The Astrophysical Journal Letters},
  author = {Schmelz, J. T. and Saar, S. H. and DeLuca, E. E. and Golub, L. and Kashyap, V. L. and Weber, M. A. and Klimchuk, J. A.},
  month = mar,
  year = {2009},
  pages = {L131-L135}
}

@article{sakurai_greens_1982,
  title = {Green's {{Function Methods}} for {{Potential Magnetic Fields}}},
  volume = {76},
  issn = {0038-0938},
  doi = {10.1007/BF00170988},
  journal = {Solar Physics},
  author = {Sakurai, Takashi},
  month = mar,
  year = {1982},
  pages = {301-321}
}

@article{cargill_modelling_2015,
  title = {Modelling Nanoflares in Active Regions and Implications for Coronal Heating Mechanisms},
  volume = {373},
  copyright = {\textcopyright{} 2015 The Author(s) Published by the Royal Society. All rights reserved.},
  issn = {1364-503X, 1471-2962},
  doi = {10.1098/rsta.2014.0260},
  language = {en},
  number = {2042},
  journal = {Philosophical Transactions of the Royal Society of London Series A},
  author = {Cargill, P. J. and Warren, H. P. and Bradshaw, S. J.},
  month = may,
  year = {2015},
  pages = {20140260},
  pmid = {25897093}
}

@article{landi_chianti-atomic_2002,
  title = {{{CHIANTI}}-{{An Atomic Database}} for {{Emission Lines}}. {{V}}. {{Comparison}} with an {{Isothermal Spectrum Observed}} with {{SUMER}}},
  volume = {139},
  issn = {0067-0049},
  doi = {10.1086/337949},
  journal = {The Astrophysical Journal Supplement Series},
  author = {Landi, E. and Feldman, U. and Dere, K. P.},
  month = mar,
  year = {2002},
  pages = {281-296}
}

@article{sunpy_community_sunpypython_2015,
  title = {{{SunPy}}\textemdash{{Python}} for Solar Physics},
  volume = {8},
  doi = {10.1088/1749-4699/8/1/014009},
  journal = {Computational Science and Discovery},
  author = {{SunPy Community} and Mumford, Stuart J. and Christe, Steven and {P\'erez-Su\'arez}, David and Ireland, Jack and Shih, Albert Y. and Inglis, Andrew R. and Liedtke, Simon and Hewett, Russell J. and Mayer, Florian and Hughitt, Keith and Freij, Nabil and Meszaros, Tomas and Bennett, Samuel M. and Malocha, Michael and Evans, John and Agrawal, Ankit and Leonard, Andrew J. and Robitaille, Thomas P. and Mampaey, Benjamin and {Campos-Rozo}, Jose Iv\'an and Kirk, Michael S.},
  month = jan,
  year = {2015},
  pages = {014009}
}

@article{de_moortel_longitudinal_2002-1,
  title = {Longitudinal Intensity Oscillations in Coronal Loops Observed with {{TRACE}}   {{II}}. {{Discussion}} of {{Measured Parameters}}},
  volume = {209},
  issn = {0038-0938},
  doi = {10.1023/A:1020960505133},
  journal = {Solar Physics},
  author = {De Moortel, I. and Hood, A. W. and Ireland, J. and Walsh, R. W.},
  month = sep,
  year = {2002},
  pages = {89-108}
}

@article{viall_survey_2017,
  title = {A {{Survey}} of {{Nanoflare Properties}} in {{Active Regions Observed}} with the {{Solar Dynamics Observatory}}},
  volume = {842},
  issn = {0004-637X},
  doi = {10.3847/1538-4357/aa7137},
  language = {en},
  number = {2},
  journal = {The Astrophysical Journal},
  author = {Viall, Nicholeen M. and Klimchuk, James A.},
  year = {2017},
  pages = {108}
}

@article{schmelz_what_2015,
  title = {What Can Observations Tell Us about Coronal Heating?},
  volume = {373},
  copyright = {\textcopyright{} 2015 The Author(s) Published by the Royal Society. All rights reserved.},
  issn = {1364-503X, 1471-2962},
  doi = {10.1098/rsta.2014.0257},
  language = {en},
  number = {2042},
  journal = {Philosophical Transactions of the Royal Society of London Series A},
  author = {Schmelz, J. T. and Winebarger, A. R.},
  month = may,
  year = {2015},
  pages = {20140257},
  pmid = {25897090}
}

@article{hood_mhd_2016,
  title = {An {{MHD Avalanche}} in a {{Multi}}-Threaded {{Coronal Loop}}.},
  volume = {817},
  issn = {0004-637X},
  doi = {10.3847/0004-637X/817/1/5},
  language = {en},
  number = {1},
  journal = {The Astrophysical Journal},
  author = {Hood, A. W. and Cargill, P. J. and Browning, P. K. and Tam, K. V.},
  year = {2016},
  pages = {5}
}

@article{landi_isothermality_2010,
  title = {On the {{Isothermality}} of {{Solar Plasmas}}},
  volume = {723},
  issn = {0004-637X},
  doi = {10.1088/0004-637X/723/1/320},
  journal = {The Astrophysical Journal},
  author = {Landi, E. and Klimchuk, J. A.},
  month = nov,
  year = {2010},
  pages = {320-328}
}

@article{vaiana_x-ray_1968,
  title = {X-Ray {{Structures}} of the {{Sun}} during the {{Importance 1N Flare}} of 8 {{June}} 1968},
  volume = {161},
  issn = {0036-8075},
  doi = {10.1126/science.161.3841.564},
  journal = {Science},
  author = {Vaiana, G. S. and Reidy, W. P. and Zehnpfennig, T. and {van Speybroeck}, L. and Giacconi, R.},
  month = aug,
  year = {1968},
  pages = {564-567}
}

@article{zatsarinny_dielectronic_2003,
  title = {Dielectronic Recombination Data for Dynamic Finite-Density Plasmas. {{II}}. {{The}} Oxygen Isoelectronic Sequence},
  volume = {412},
  issn = {0004-6361},
  doi = {10.1051/0004-6361:20031462},
  journal = {Astronomy and Astrophysics},
  author = {Zatsarinny, O. and Gorczyca, T. W. and Korista, K. T. and Badnell, N. R. and Savin, D. W.},
  month = dec,
  year = {2003},
  pages = {587-595}
}

@article{barnes_inference_2016-1,
  title = {Inference of {{Heating Properties}} from "{{Hot}}" {{Non}}-Flaring {{Plasmas}} in {{Active Region Cores}}. {{II}}. {{Nanoflare Trains}}},
  volume = {833},
  issn = {0004-637X},
  doi = {10.3847/1538-4357/833/2/217},
  journal = {The Astrophysical Journal},
  author = {Barnes, W. T. and Cargill, P. J. and Bradshaw, S. J.},
  month = dec,
  year = {2016},
  pages = {217}
}

@article{mason_spectroscopic_1994,
  title = {Spectroscopic Diagnostics in the {{VUV}} for Solar and Stellar Plasmas},
  volume = {6},
  issn = {0935-4956},
  doi = {10.1007/BF01208253},
  journal = {Astronomy and Astrophysics Review},
  author = {Mason, H. E. and Fossi, B. C. Monsignori},
  month = nov,
  year = {1994},
  pages = {123-179}
}

@article{west_lifetime_2008,
  title = {On the {{Lifetime}} of {{Hot Coronal Plasmas Arising}} from {{Nanoflares}}},
  volume = {252},
  issn = {0038-0938, 1573-093X},
  doi = {10.1007/s11207-008-9243-3},
  language = {en},
  number = {1},
  journal = {Solar Physics},
  author = {West, M. J. and Bradshaw, S. J. and Cargill, P. J.},
  month = oct,
  year = {2008},
  pages = {89-100}
}

@article{viall_transition_2015,
  title = {The {{Transition Region Response}} to a {{Coronal Nanoflare}}: {{Forward Modeling}} and {{Observations}} in {{SDO}}/{{AIA}}},
  volume = {799},
  issn = {0004-637X},
  shorttitle = {The {{Transition Region Response}} to a {{Coronal Nanoflare}}},
  doi = {10.1088/0004-637X/799/1/58},
  journal = {The Astrophysical Journal},
  author = {Viall, Nicholeen M. and Klimchuk, James A.},
  month = jan,
  year = {2015},
  pages = {58}
}

@article{landi_chianti-atomic_2006-1,
  title = {{{CHIANTI}}-{{An Atomic Database}} for {{Emission Lines}}. {{VIII}}. {{Comparison}} with {{Solar Flare Spectra}} from the {{Solar Maximum Mission Flat Crystal Spectrometer}}},
  volume = {166},
  issn = {0067-0049},
  doi = {10.1086/506180},
  journal = {The Astrophysical Journal Supplement Series},
  author = {Landi, E. and Phillips, K. J. H.},
  month = sep,
  year = {2006},
  pages = {421-440}
}

@article{petralia_thermal_2014,
  title = {Thermal Structure of a Hot Non-Flaring Corona from {{Hinode}}/{{EIS}}},
  volume = {564},
  issn = {0004-6361},
  doi = {10.1051/0004-6361/201322998},
  journal = {Astronomy and Astrophysics},
  author = {Petralia, A. and Reale, F. and Testa, P. and Del Zanna, G.},
  month = apr,
  year = {2014},
  pages = {A3}
}

@article{alfven_solar_1941,
  title = {On the {{Solar Corona}}},
  volume = {27A},
  number = {25},
  journal = {Arkiv foor Matematik, Astronomi och Fysik},
  author = {Alfv\'en, Hannes},
  year = {1941}
}

@article{bradshaw_cooling_2005,
  title = {The Cooling of Coronal Plasmas: {{II}}. {{Properties}} of the Radiative Phase},
  volume = {437},
  issn = {0004-6361, 1432-0756},
  shorttitle = {The Cooling of Coronal Plasmas},
  doi = {10.1051/0004-6361:20042405},
  number = {1},
  journal = {Astronomy and Astrophysics},
  author = {Bradshaw, S. J. and Cargill, P. J.},
  month = jul,
  year = {2005},
  pages = {311-317}
}

@article{hughes_self-consistent_1985,
  title = {Self-Consistent Models for the {{X}}-Ray Emission from Supernova Remnants - an Application to {{Kepler}}'s Remnant},
  volume = {291},
  issn = {0004-637X},
  doi = {10.1086/163095},
  language = {en},
  journal = {The Astrophysical Journal},
  author = {Hughes, J. P. and Helfand, D. J.},
  month = apr,
  year = {1985},
  pages = {544-560}
}

@article{smith_ionization_2010,
  title = {Ionization {{Equilibrium Timescales}} in {{Collisional Plasmas}}},
  volume = {718},
  issn = {0004-637X},
  doi = {10.1088/0004-637X/718/1/583},
  journal = {The Astrophysical Journal},
  author = {Smith, Randall K. and Hughes, John P.},
  month = jul,
  year = {2010},
  pages = {583-585}
}

@article{masai_x-ray_1984,
  title = {X-Ray Emission Spectra from Ionizing Plasmas},
  volume = {98},
  issn = {0004-640X, 1572-946X},
  doi = {10.1007/BF00651415},
  language = {en},
  number = {2},
  journal = {Astrophysics and Space Science},
  author = {Masai, Kuniaki},
  month = jan,
  year = {1984},
  pages = {367-395}
}

@article{fontes_fully_1999,
  title = {Fully Relativistic Calculations of and Fits to 1s Ionization Cross Sections},
  volume = {59},
  doi = {10.1103/PhysRevA.59.1329},
  number = {2},
  journal = {Physical Review A},
  author = {Fontes, Christopher J. and Sampson, Douglas H. and Zhang, Hong Lin},
  month = feb,
  year = {1999},
  pages = {1329-1335}
}

@article{ishikawa_detection_2017,
  title = {Detection of Nanoflare-Heated Plasma in the Solar Corona by the {{FOXSI}}-2 Sounding Rocket},
  copyright = {2017 The Author(s)},
  issn = {2397-3366},
  doi = {10.1038/s41550-017-0269-z},
  language = {En},
  journal = {Nature Astronomy},
  author = {Ishikawa, Shin-nosuke and Glesener, Lindsay and Krucker, S\"am and Christe, Steven and {Buitrago-Casas}, Juan Camilo and Narukage, Noriyuki and Vievering, Juliana},
  month = oct,
  year = {2017},
  pages = {1}
}

@article{badnell_radiative_2006,
  title = {Radiative {{Recombination Data}} for {{Modeling Dynamic Finite}}-{{Density Plasmas}}},
  volume = {167},
  doi = {10.1086/508465},
  number = {2},
  journal = {The Astrophysical Journal Supplement Series},
  author = {Badnell, N. R.},
  month = dec,
  year = {2006},
  pages = {334}
}

@article{hapgood_space_1992,
  title = {Space Physics Coordinate Transformations - {{A}} User Guide},
  volume = {40},
  issn = {0032-0633},
  doi = {10.1016/0032-0633(92)90012-D},
  number = {5},
  journal = {Planetary and Space Science},
  author = {Hapgood, M. A.},
  month = may,
  year = {1992},
  pages = {711-717}
}

@article{parenti_spectroscopy_2017,
  title = {Spectroscopy of {{Very Hot Plasma}} in {{Non}}-Flaring {{Parts}} of a {{Solar Limb Active Region}}: {{Spatial}} and {{Temporal Properties}}},
  volume = {846},
  issn = {0004-637X},
  shorttitle = {Spectroscopy of {{Very Hot Plasma}} in {{Non}}-Flaring {{Parts}} of a {{Solar Limb Active Region}}},
  doi = {10.3847/1538-4357/aa835f},
  journal = {The Astrophysical Journal},
  author = {Parenti, Susanna and {del Zanna}, Giulio and Petralia, Antonino and Reale, Fabio and Teriaca, Luca and Testa, Paola and Mason, Helen E.},
  month = sep,
  year = {2017},
  pages = {25}
}

@article{schatten_model_1969,
  title = {A Model of Interplanetary and Coronal Magnetic Fields},
  volume = {6},
  issn = {0038-0938},
  doi = {10.1007/BF00146478},
  journal = {Solar Physics},
  author = {Schatten, Kenneth H. and Wilcox, John M. and Ness, Norman F.},
  month = mar,
  year = {1969},
  pages = {442-455}
}

@article{auchere_coronal_2018,
  title = {The {{Coronal Monsoon}}: {{Thermal Nonequilibrium Revealed}} by {{Periodic Coronal Rain}}},
  volume = {853},
  issn = {0004-637X},
  shorttitle = {The {{Coronal Monsoon}}},
  doi = {10.3847/1538-4357/aaa5a3},
  language = {en},
  number = {2},
  journal = {The Astrophysical Journal},
  author = {Auch\`ere, Fr\'ed\'eric and Froment, Clara and Soubri\'e, Elie and Antolin, Patrick and Oliver, Ramon and Pelouze, Gabriel},
  year = {2018},
  pages = {176}
}

@article{schmidt_observable_1964,
  title = {On the {{Observable Effects}} of {{Magnetic Energy Storage}} and {{Release Connected With Solar Flares}}},
  volume = {50},
  journal = {NASA Special Publication},
  author = {Schmidt, H. U.},
  year = {1964},
  pages = {107}
}

@article{hoeksema_helioseismic_2014,
  title = {The {{Helioseismic}} and {{Magnetic Imager}} ({{HMI}}) {{Vector Magnetic Field Pipeline}}: {{Overview}} and {{Performance}}},
  volume = {289},
  issn = {0038-0938, 1573-093X},
  shorttitle = {The {{Helioseismic}} and {{Magnetic Imager}} ({{HMI}}) {{Vector Magnetic Field Pipeline}}},
  doi = {10.1007/s11207-014-0516-8},
  language = {en},
  number = {9},
  journal = {Solar Physics},
  author = {Hoeksema, J. Todd and Liu, Yang and Hayashi, Keiji and Sun, Xudong and Schou, Jesper and Couvidat, Sebastien and Norton, Aimee and Bobra, Monica and Centeno, Rebecca and Leka, K. D. and Barnes, Graham and Turmon, Michael},
  month = sep,
  year = {2014},
  pages = {3483-3530}
}

@article{ishikawa_constraining_2014,
  title = {Constraining Hot Plasma in a Non-Flaring Solar Active Region with {{FOXSI}} Hard {{X}}-Ray Observations},
  volume = {66},
  issn = {0004-6264},
  doi = {10.1093/pasj/psu090},
  language = {en},
  number = {SP1},
  journal = {Publications of the Astronomical Society of Japan},
  author = {Ishikawa, Shin-nosuke and Glesener, Lindsay and Christe, Steven and Ishibashi, Kazunori and Brooks, David H. and Williams, David R. and Shimojo, Masumi and Sako, Nobuharu and Krucker, S\"am},
  month = dec,
  year = {2014}
}

@inproceedings{krucker_focusing_2013,
  title = {The Focusing Optics X-Ray Solar Imager ({{FOXSI}}): Instrument and First Flight},
  volume = {8862},
  shorttitle = {The Focusing Optics X-Ray Solar Imager ({{FOXSI}})},
  doi = {10.1117/12.2024277},
  booktitle = {Solar {{Physics}} and {{Space Weather Instrumentation V}}},
  publisher = {{International Society for Optics and Photonics}},
  author = {Krucker, S\"am and Christe, Steven and Glesener, Lindsay and Ishikawa, Shinnosuke and Ramsey, Brian and Gubarev, Mikhail and Saito, Shinya and Takahashi, Tadayuki and Watanabe, Shin and Tajima, Hiroyasu and Tanaka, Takaaki and Turin, Paul and Glaser, David and Fermin, Jose and Lin, Robert P.},
  month = sep,
  year = {2013},
  pages = {88620R}
}

@article{warren_hydrodynamic_2002,
  title = {Hydrodynamic {{Modeling}} of {{Active Region Loops}}},
  volume = {579},
  issn = {0004-637X},
  doi = {10.1086/344921},
  journal = {The Astrophysical Journal Letters},
  author = {Warren, Harry P. and Winebarger, Amy R. and Hamilton, Paul S.},
  month = nov,
  year = {2002},
  pages = {L41-L44}
}

@article{warren_evolving_2003,
  title = {Evolving {{Active Region Loops Observed}} with the {{Transition Region}} and {{Coronal}} Explorer. {{II}}. {{Time}}-Dependent {{Hydrodynamic Simulations}}},
  volume = {593},
  issn = {0004-637X},
  doi = {10.1086/376678},
  journal = {The Astrophysical Journal},
  author = {Warren, Harry P. and Winebarger, Amy R. and Mariska, John T.},
  month = aug,
  year = {2003},
  pages = {1174-1186}
}

@misc{jones_scipy_2001,
  title = {{{SciPy}}: {{Open}} Source Scientific Tools for {{Python}}},
  author = {Jones, Eric and Oliphant, Travis and Peterson, Pearu},
  year = {2001}
}

@book{oliphant_guide_2006,
  address = {USA},
  title = {A {{Guide}} to {{Numpy}}},
  publisher = {{Trelgol Publishing}},
  author = {Oliphant, Travis},
  year = {2006}
}

@book{npl_modern_1961,
  address = {London},
  series = {Notes on {{Applied Sciences}}},
  title = {Modern Computing Methods},
  language = {English},
  number = {16},
  publisher = {{National Physical Laboratory, HMSO}},
  author = {NPL},
  year = {1961}
}

@article{turk_yt_2011,
  title = {Yt: {{A Multi}}-Code {{Analysis Toolkit}} for {{Astrophysical Simulation Data}}},
  volume = {192},
  issn = {0067-0049},
  shorttitle = {Yt},
  doi = {10.1088/0067-0049/192/1/9},
  journal = {The Astrophysical Journal Supplement Series},
  author = {Turk, Matthew J. and Smith, Britton D. and Oishi, Jeffrey S. and Skory, Stephen and Skillman, Samuel W. and Abel, Tom and Norman, Michael L.},
  month = jan,
  year = {2011},
  pages = {9}
}

@article{the_astropy_collaboration_astropy_2018,
  title = {The {{Astropy Project}}: {{Building}} an {{Open}}-Science {{Project}} and {{Status}} of the v2.0 {{Core Package}}},
  volume = {156},
  issn = {0004-6256},
  shorttitle = {The {{Astropy Project}}},
  doi = {10.3847/1538-3881/aabc4f},
  journal = {The Astronomical Journal},
  author = {{The Astropy Collaboration} and {Price-Whelan}, A. M. and Sip{\H o}cz, B. M. and G\"unther, H. M. and Lim, P. L. and Crawford, S. M. and Conseil, S. and Shupe, D. L. and Craig, M. W. and Dencheva, N. and Ginsburg, A. and VanderPlas, J. T. and Bradley, L. D. and {P\'erez-Su\'arez}, D. and {de Val-Borro}, M. and Paper Contributors, (Primary and Aldcroft, T. L. and Cruz, K. L. and Robitaille, T. P. and Tollerud, E. J. and Coordination Committee, (Astropy and Ardelean, C. and Babej, T. and Bach, Y. P. and Bachetti, M. and Bakanov, A. V. and Bamford, S. P. and Barentsen, G. and Barmby, P. and Baumbach, A. and Berry, K. L. and Biscani, F. and Boquien, M. and Bostroem, K. A. and Bouma, L. G. and Brammer, G. B. and Bray, E. M. and Breytenbach, H. and Buddelmeijer, H. and Burke, D. J. and Calderone, G. and Cano Rodr\'iguez, J. L. and Cara, M. and Cardoso, J. V. M. and Cheedella, S. and Copin, Y. and Corrales, L. and Crichton, D. and D'Avella, D. and Deil, C. and Depagne, \'E. and Dietrich, J. P. and Donath, A. and Droettboom, M. and Earl, N. and Erben, T. and Fabbro, S. and Ferreira, L. A. and Finethy, T. and Fox, R. T. and Garrison, L. H. and Gibbons, S. L. J. and Goldstein, D. A. and Gommers, R. and Greco, J. P. and Greenfield, P. and Groener, A. M. and Grollier, F. and Hagen, A. and Hirst, P. and Homeier, D. and Horton, A. J. and Hosseinzadeh, G. and Hu, L. and Hunkeler, J. S. and Ivezi\'c, {\v Z}. and Jain, A. and Jenness, T. and Kanarek, G. and Kendrew, S. and Kern, N. S. and Kerzendorf, W. E. and Khvalko, A. and King, J. and Kirkby, D. and Kulkarni, A. M. and Kumar, A. and Lee, A. and Lenz, D. and Littlefair, S. P. and Ma, Z. and Macleod, D. M. and Mastropietro, M. and McCully, C. and Montagnac, S. and Morris, B. M. and Mueller, M. and Mumford, S. J. and Muna, D. and Murphy, N. A. and Nelson, S. and Nguyen, G. H. and Ninan, J. P. and N\"othe, M. and Ogaz, S. and Oh, S. and Parejko, J. K. and Parley, N. and Pascual, S. and Patil, R. and Patil, A. A. and Plunkett, A. L. and Prochaska, J. X. and Rastogi, T. and Reddy Janga, V. and Sabater, J. and Sakurikar, P. and Seifert, M. and Sherbert, L. E. and {Sherwood-Taylor}, H. and Shih, A. Y. and Sick, J. and Silbiger, M. T. and Singanamalla, S. and Singer, L. P. and Sladen, P. H. and Sooley, K. A. and Sornarajah, S. and Streicher, O. and Teuben, P. and Thomas, S. W. and Tremblay, G. R. and Turner, J. E. H. and Terr\'on, V. and {van Kerkwijk}, M. H. and {de la Vega}, A. and Watkins, L. L. and Weaver, B. A. and Whitmore, J. B. and Woillez, J. and Zabalza, V. and Contributors, (Astropy},
  month = sep,
  year = {2018},
  pages = {123}
}

@article{froment_occurrence_2018,
  title = {On the {{Occurrence}} of {{Thermal Nonequilibrium}} in {{Coronal Loops}}},
  volume = {855},
  doi = {10.3847/1538-4357/aaaf1d},
  language = {en},
  number = {1},
  journal = {The Astrophysical Journal},
  author = {Froment, C. and Auch\`ere, F. and Miki\'c, Z. and Aulanier, G. and Bocchialini, K. and Buchlin, E. and Solomon, J. and Soubri\'e, E.},
  month = mar,
  year = {2018},
  pages = {52}
}

@article{del_zanna_solar_2018,
  title = {Solar {{UV}} and {{X}}-Ray Spectral Diagnostics},
  volume = {15},
  issn = {1614-4961},
  doi = {10.1007/s41116-018-0015-3},
  language = {en},
  number = {1},
  journal = {Living Reviews in Solar Physics},
  author = {Del Zanna, Giulio and Mason, Helen E.},
  month = aug,
  year = {2018},
  pages = {5}
}

@article{breiman_random_2001,
  title = {Random {{Forests}}},
  volume = {45},
  issn = {1573-0565},
  doi = {10.1023/A:1010933404324},
  language = {en},
  number = {1},
  journal = {Machine Learning},
  author = {Breiman, Leo},
  month = oct,
  year = {2001},
  pages = {5-32}
}

@book{hastie_elements_2009,
  address = {New York},
  edition = {2},
  series = {Springer {{Series}} in {{Statistics}}},
  title = {The {{Elements}} of {{Statistical Learning}}: {{Data Mining}}, {{Inference}}, and {{Prediction}}},
  isbn = {978-0-387-84857-0},
  shorttitle = {The {{Elements}} of {{Statistical Learning}}},
  language = {en},
  publisher = {{Springer-Verlag}},
  author = {Hastie, Trevor and Tibshirani, Robert and Friedman, Jerome},
  year = {2009}
}

@article{kuin_thermal_1982,
  title = {On the Thermal Stability of Hot Coronal Loops - {{The}} Coupling between Chromosphere and Corona},
  volume = {108},
  issn = {0004-6361},
  journal = {Astronomy and Astrophysics},
  author = {Kuin, N. P. M. and Martens, P. C. H.},
  month = apr,
  year = {1982},
  pages = {L1-L4}
}

@article{barnes_understanding_2019,
  title = {Understanding {{Heating}} in {{Active Region Cores}} through {{Machine Learning I}}. {{Numerical Modeling}} and {{Predicted Observables}}},
  journal = {submitted},
  author = {Barnes, W. T. and Bradshaw, S. J. and Viall, N. M.},
  year = {2019}
}

@article{winebarger_identifying_2018,
  title = {Identifying {{Observables That Can Differentiate Between Impulsive}} and {{Footpoint Heating}}: {{Time Lags}} and {{Intensity Ratios}}},
  volume = {865},
  issn = {0004-637X},
  shorttitle = {Identifying {{Observables That Can Differentiate Between Impulsive}} and {{Footpoint Heating}}},
  doi = {10.3847/1538-4357/aad9fb},
  language = {en},
  number = {2},
  journal = {The Astrophysical Journal},
  author = {Winebarger, Amy R. and Lionello, Roberto and Downs, Cooper and Miki\'c, Zoran and Linker, Jon},
  year = {2018},
  pages = {111}
}

@article{marsh_hard_2018,
  title = {Hard {{X}}-{{Ray Constraints}} on {{Small}}-Scale {{Coronal Heating Events}}},
  volume = {864},
  doi = {10.3847/1538-4357/aad380},
  language = {en},
  number = {1},
  journal = {The Astrophysical Journal},
  author = {Marsh, Andrew J. and Smith, David M. and Glesener, Lindsay and Klimchuk, James A. and Bradshaw, Stephen J. and Vievering, Juliana and Hannah, Iain G. and Christe, Steven and Ishikawa, Shin-nosuke and Krucker, S\"am},
  month = sep,
  year = {2018},
  pages = {5}
}

@article{jordan_structure_1975,
  title = {The {{Structure}} of {{Solar Active Regions}} from {{EUV}} and {{Soft X}}-{{Ray Observations}}},
  volume = {68},
  language = {en},
  journal = {Solar Gamma-, X-, and EUV Radiation},
  author = {Jordan, C.},
  year = {1975},
  pages = {109}
}

@article{cadavid_heating_2014,
  title = {Heating {{Mechanisms}} for {{Intermittent Loops}} in {{Active Region Cores}} from {{AIA}}/{{SDO EUV Observations}}},
  volume = {795},
  issn = {0004-637X},
  doi = {10.1088/0004-637X/795/1/48},
  journal = {The Astrophysical Journal},
  author = {Cadavid, A. C. and Lawrence, J. K. and Christian, D. J. and Jess, D. B. and Nigro, G.},
  month = nov,
  year = {2014},
  pages = {48}
}

@article{handy_transition_1999,
  title = {The Transition Region and Coronal Explorer},
  volume = {187},
  doi = {10.1023/A:1005166902804},
  language = {en},
  number = {2},
  journal = {Solar Physics},
  author = {Handy, B. N. and Acton, L. W. and Kankelborg, C. C. and Wolfson, C. J. and Akin, D. J. and Bruner, M. E. and Caravalho, R. and Catura, R. C. and Chevalier, R. and Duncan, D. W. and Edwards, C. G. and Feinstein, C. N. and Freeland, S. L. and Friedlaender, F. M. and Hoffmann, C. H. and Hurlburt, N. E. and Jurcevich, B. K. and Katz, N. L. and Kelly, G. A. and Lemen, J. R. and Levay, M. and Lindgren, R. W. and Mathur, D. P. and Meyer, S. B. and Morrison, S. J. and Morrison, M. D. and Nightingale, R. W. and Pope, T. P. and Rehse, R. A. and Schrijver, C. J. and Shine, R. A. and Shing, L. and Strong, K. T. and Tarbell, T. D. and Title, A. M. and Torgerson, D. D. and Golub, L. and Bookbinder, J. A. and Caldwell, D. and Cheimets, P. N. and Davis, W. N. and Deluca, E. E. and McMullen, R. A. and Warren, H. P. and Amato, D. and Fisher, R. and Maldonado, H. and Parkinson, C.},
  month = jul,
  year = {1999},
  pages = {229}
}

@article{ugarte-urra_investigation_2006,
  title = {An {{Investigation}} into the {{Variability}} of {{Heating}} in a {{Solar Active Region}}},
  volume = {643},
  issn = {0004-637X},
  doi = {10.1086/503196},
  journal = {The Astrophysical Journal},
  author = {{Ugarte-Urra}, Ignacio and Winebarger, Amy R. and Warren, Harry P.},
  month = jun,
  year = {2006},
  pages = {1245-1257}
}

@article{winebarger_evolving_2003,
  title = {Evolving {{Active Region Loops Observed}} with the {{Transition Region}} and {{Coronal Explorer}}. {{I}}. {{Observations}}},
  volume = {593},
  doi = {10.1086/376679},
  language = {en},
  number = {2},
  journal = {The Astrophysical Journal},
  author = {Winebarger, Amy R. and Warren, Harry P. and Seaton, Daniel B.},
  month = aug,
  year = {2003},
  pages = {1164}
}

@article{antiochos_model_1991,
  title = {A Model for the Formation of Solar Prominences},
  volume = {378},
  issn = {0004-637X},
  doi = {10.1086/170437},
  journal = {The Astrophysical Journal},
  author = {Antiochos, S. K. and Klimchuk, J. A.},
  month = sep,
  year = {1991},
  pages = {372-377}
}

@article{muller_dynamics_2003,
  title = {Dynamics of Solar Coronal Loops - {{I}}. {{Condensation}} in Cool Loops and Its Effect on Transition Region Lines},
  volume = {411},
  copyright = {\textcopyright{} ESO, 2003},
  issn = {0004-6361, 1432-0746},
  doi = {10.1051/0004-6361:20031328},
  language = {en},
  number = {3},
  journal = {Astronomy \& Astrophysics},
  author = {M\"uller, D. a. N. and Hansteen, V. H. and Peter, H.},
  month = dec,
  year = {2003},
  pages = {605-613}
}

@article{antolin_multithermal_2015,
  title = {The {{Multithermal}} and {{Multi}}-Stranded {{Nature}} of {{Coronal Rain}}},
  volume = {806},
  issn = {0004-637X},
  doi = {10.1088/0004-637X/806/1/81},
  journal = {The Astrophysical Journal},
  author = {Antolin, P. and Vissers, G. and Pereira, T. M. D. and {Rouppe van der Voort}, L. and Scullion, E.},
  month = jun,
  year = {2015},
  pages = {81}
}

@article{antolin_coronal_2010,
  title = {Coronal {{Rain}} as a {{Marker}} for {{Coronal Heating Mechanisms}}},
  volume = {716},
  doi = {10.1088/0004-637X/716/1/154},
  language = {en},
  number = {1},
  journal = {The Astrophysical Journal},
  author = {Antolin, P. and Shibata, K. and Vissers, G.},
  month = jun,
  year = {2010},
  pages = {154}
}

@article{auchere_long-period_2014,
  title = {Long-Period Intensity Pulsations in the Solar Corona during Activity Cycle 23},
  volume = {563},
  doi = {10.1051/0004-6361/201322572},
  language = {en},
  journal = {Astronomy and Astrophysics},
  author = {Auch\`ere, F. and Bocchialini, K. and Solomon, J. and Tison, E.},
  month = mar,
  year = {2014},
  pages = {A8}
}

@inproceedings{lam_numba_2015,
  address = {New York, NY, USA},
  series = {{{LLVM}} 2015},
  title = {Numba: {{A LLVM}}-Based {{Python JIT Compiler}}},
  volume = {7},
  isbn = {978-1-4503-4005-2},
  shorttitle = {Numba},
  doi = {10.1145/2833157.2833162},
  booktitle = {Proceedings of the {{Second Workshop}} on the {{LLVM Compiler Infrastructure}} in {{HPC}}},
  publisher = {{ACM}},
  author = {Lam, Siu Kwan and Pitrou, Antoine and Seibert, Stanley},
  year = {2015},
  pages = {1-6}
}

@article{barnes_understanding_2019-1,
  title = {Understanding {{Heating}} in {{Active Region Cores}} through {{Machine Learning II}}. {{Classifying Observations}}},
  journal = {in prep.},
  author = {Barnes, W. T. and Bradshaw, S. J. and Viall, N. M.},
  year = {2019}
}

@article{vernazza_structure_1981,
  title = {Structure of the Solar Chromosphere. {{III}}. {{Models}} of the {{EUV}} Brightness Components of the Quiet Sun.},
  volume = {45},
  doi = {10.1086/190731},
  language = {en},
  journal = {The Astrophysical Journal Supplement Series},
  author = {Vernazza, J. E. and Avrett, E. H. and Loeser, R.},
  month = apr,
  year = {1981},
  pages = {635}
}

@inproceedings{barnes_chiantipy_2017,
  address = {Austin, TX USA},
  title = {{{ChiantiPy}}: A {{Python}} Package for {{Astrophysical Spectroscopy}}},
  shorttitle = {{{ChiantiPy}}},
  doi = {10.25080/shinma-7f4c6e7-011},
  booktitle = {Proceedings of the 16th {{Python}} in {{Science Conference}}},
  author = {Barnes, Will T. and Dere, Kenneth P.},
  year = {2017},
  pages = {120-127}
}

@article{seaton_electron_1953,
  title = {Electron {{Excitation}} of {{Forbidden Lines Occurring}} in {{Gaseous Nebulae}}},
  volume = {218},
  doi = {10.1098/rspa.1953.0113},
  language = {en},
  number = {1134},
  journal = {Proceedings of the Royal Society of London Series A},
  author = {Seaton, M. J.},
  month = jul,
  year = {1953},
  pages = {400}
}

@inproceedings{bautista_theoretical_2000,
  address = {Washington, D.C., USA},
  title = {Theoretical {{Calculations}} of {{Atomic Data}} for {{Spectroscopy}}},
  language = {en},
  booktitle = {Proceedings of the {{Atomic Data Needs}} for {{X}}-Ray {{Astronomy Workshop}}},
  author = {Bautista, Manuel A.},
  year = {2000}
}

@article{cranmer_suprathermal_2014,
  title = {Suprathermal {{Electrons}} in the {{Solar Corona}}: {{Can Nonlocal Transport Explain Heliospheric Charge States}}?},
  volume = {791},
  shorttitle = {Suprathermal {{Electrons}} in the {{Solar Corona}}},
  doi = {10.1088/2041-8205/791/2/L31},
  language = {en},
  number = {2},
  journal = {The Astrophysical Journal},
  author = {Cranmer, Steven R.},
  month = aug,
  year = {2014},
  pages = {L31}
}

@article{dzifcakova_diagnostics_2011,
  title = {Diagnostics of the {$\kappa$}-Distribution Using {{Si III}} Lines in the Solar Transition Region},
  volume = {531},
  doi = {10.1051/0004-6361/201016287},
  language = {en},
  journal = {Astronomy and Astrophysics},
  author = {Dzif{\v c}\'akov\'a, E. and Kulinov\'a, A.},
  month = jul,
  year = {2011},
  pages = {A122}
}

@book{abramowitz_handbook_1972,
  address = {New York, NY, USA},
  edition = {Ninth},
  title = {Handbook of {{Mathematical Functions}} with {{Formulas}}, {{Graphs}}, and {{Mathematical Tables}}},
  language = {en},
  publisher = {{Dover Publications, Inc.}},
  author = {Abramowitz, Milton and Stegun, Irene A.},
  year = {1972}
}

@article{verner_atomic_1996,
  title = {Atomic {{Data}} for {{Astrophysics}}. {{I}}. {{Radiative Recombination Rates}} for {{H}}-like, {{He}}-like, {{Li}}-like, and {{Na}}-like {{Ions}} over a {{Broad Range}} of {{Temperature}}},
  volume = {103},
  doi = {10.1086/192284},
  language = {en},
  journal = {The Astrophysical Journal Supplement Series},
  author = {Verner, D. A. and Ferland, G. J.},
  month = apr,
  year = {1996},
  pages = {467}
}

@article{hansteen_new_1993,
  title = {A {{New Interpretation}} of the {{Redshift Observed}} in {{Optically Thin Transition Region Lines}}},
  volume = {402},
  issn = {0004-637X},
  doi = {10.1086/172174},
  language = {en},
  journal = {The Astrophysical Journal},
  author = {Hansteen, Viggo},
  month = jan,
  year = {1993},
  pages = {741}
}

@book{arfken_mathematical_2013,
  edition = {seventh},
  title = {Mathematical {{Methods}} for {{Physicists}}: {{A Comprehensive Guide}}},
  isbn = {978-0-12-384654-9},
  shorttitle = {Mathematical {{Methods}} for {{Physicists}}},
  language = {en},
  publisher = {{Academic Press}},
  author = {Arfken, George B. and Weber, Hans J. and Harris, Frank E.},
  year = {2013}
}

@article{cooley_algorithm_1965,
  title = {An {{Algorithm}} for the {{Machine Calculation}} of {{Complex Fourier Series}}},
  volume = {19},
  issn = {0025-5718},
  doi = {10.2307/2003354},
  number = {90},
  journal = {Mathematics of Computation},
  author = {Cooley, James W. and Tukey, John W.},
  year = {1965},
  pages = {297-301}
}

@article{warren_solar_2005,
  title = {A {{Solar Minimum Irradiance Spectrum}} for {{Wavelengths}} below 1200 {{\AA}}},
  volume = {157},
  issn = {0067-0049},
  doi = {10.1086/427171},
  journal = {The Astrophysical Journal Supplement Series},
  author = {Warren, Harry P.},
  month = mar,
  year = {2005},
  pages = {147-173}
}

@article{withbroe_thermal_1978,
  title = {The Thermal Phase of a Large Solar Flare},
  volume = {225},
  issn = {0004-637X},
  doi = {10.1086/156524},
  language = {en},
  journal = {The Astrophysical Journal},
  author = {Withbroe, G. L.},
  month = oct,
  year = {1978},
  pages = {641-649}
}

@article{judge_fundamental_1997,
  title = {Fundamental {{Limitations}} of {{Emission}}-{{Line Spectra}} as {{Diagnostics}} of {{Plasma Temperature}} and {{Density Structure}}},
  volume = {475},
  issn = {0004-637X},
  doi = {10.1086/303511},
  language = {en},
  number = {1},
  journal = {The Astrophysical Journal},
  author = {Judge, P. G. and Hubeny, Veronika and Brown, John C.},
  month = jan,
  year = {1997},
  pages = {275--290},
  annote = {We discuss the problem of determining plasma structure from optically thin emission lines whose emission coefficients and frequency-integrated intensities are dependent on temperature T and electron density n. We cast the problem into the inverse form discussed by Hubeny \& Judge (1995). Three properties of the kernels in the integral equations lead to fundamental limitations in trying to determine the source term {$\mu$}(T, n), the ``emission measure differential in temperature and density,'' from a set of emission-line intensities. First, the kernels are rather weakly dependent on n. Second, they have asymptotically identical dependencies on n. The inverse problem is therefore very poorly conditioned in the density dimension. Third, the kernels cannot (and may never) be calculated with an accuracy better than {$\pm$}10\%. These properties set limits on the accuracy of all solutions, independent of the accuracy of observed line intensities. This concurs with earlier but less general work by Brown et al. (1991). We try to determine solutions for {$\mu$}(T, n), using specific target sources and numerical algorithms. Using realistic uncertainties, calculations indicate that meaningful inverse solutions for {$\mu$}(T, n) cannot be obtained owing to the severe propagation of kernel errors, irrespective of the quality of observational data. Solutions for the ``emission measure differential in temperature'' {$\xi$}(T) = {$\int$} {$\mu$}(T, n)dn are more robust against instabilities driven by poor conditioning. Since traditional ``emission-line diagnostic ratios'' can only be defined through {$\mu$}(T, n) (or some generalization thereof), our analysis casts doubt on the meaning of plasma properties derived from such line ratios, and illustrates the severe nonuniqueness of any equivalent ``inverse'' solution. This work may be important for studying a wide variety of atomic and ionic emission-line spectra, including work with instruments on SOHO and the Hubble Space Telescope.}
}

@article{judge_failure_1995,
  title = {On the {{Failure}} of {{Standard Emission Measure Analysis}} for {{Solar Extreme}}-{{Ultraviolet}} and {{Ultraviolet Irradiance Spectra}}},
  volume = {455},
  issn = {1538-4357},
  doi = {10.1086/309815},
  language = {en},
  number = {1},
  journal = {The Astrophysical Journal},
  author = {Judge, P. G. and Woods, T. N. and Brekke, P. and Rottman, G. J.},
  month = dec,
  year = {1995},
  annote = {We perform emission measure analysis of new and accurate UV ({$\lambda$} {$>$} 1200 \AA{}) and extreme-ultraviolet (EUV) ({$\lambda$} {$\leq$} 1200 \AA{}) irradiance (``Sun-as-a-star'') emission-line spectra of the Sun. Our data consist of (1) daily averaged UV irradiances from the SOLSTICE on the UARS spacecraft and (2) EUV irradiances obtained on the same date from a m spectrograph flown on a sounding rocket. Both instruments have a spectral resolution of roughly 1 \AA. The absolute uncertainties in these data are at most {$\pm$}15\% ( {$\pm$} 2 {$\sigma$}), one of the highest photometric accuracies yet achieved. We find large, highly significant and systematic discrepancies in the emission measure analysis of transition region lines which can only be accounted for by a breakdown of one or more standard assumptions. All strong lines above 1000 \AA, which are from the Li and Na isoelectronic sequences, are too strong by factors of between 2.5 and 7 compared with their counterparts in the EUV region. Previous studies were tantalizingly close to finding these discrepancies, but those data lacked the wavelength coverage and relative photometric precision necessary for definitive conclusions. We argue that either dynamical effects, inaccurate treatments of atomic processes, and/or Lyman continuum absorption are the culprits. However, we favor the former explanation. In any event, this study should have implications for models of the solar transition region, for observing programs with the CDS and SUMER instruments on SOHO, and for analysis of UV spectra for stars across the cool half of the H-R diagram. Finally, the discrepancy is not seen for the ``coronal'' Li-like ions.}
}

@article{craig_fundamental_1976,
  title = {Fundamental Limitations of {{X}}-Ray Spectra as Diagnostics of Plasma Temperature Structure.},
  volume = {49},
  language = {en},
  number = {2},
  journal = {Astronomy and Astrophysics},
  author = {Craig, I. J. D. and Brown, J. C.},
  month = jun,
  year = {1976},
  pages = {239}
}

@article{judge_coronal_2010,
  title = {Coronal {{Emission Lines}} as {{Thermometers}}},
  volume = {708},
  doi = {10.1088/0004-637X/708/2/1238},
  language = {en},
  number = {2},
  journal = {The Astrophysical Journal},
  author = {Judge, Philip G.},
  month = jan,
  year = {2010},
  pages = {1238}
}

@article{plowman_fast_2013,
  title = {Fast {{Differential Emission Measure Inversion}} of {{Solar Coronal Data}}},
  volume = {771},
  issn = {0004-637X},
  doi = {10.1088/0004-637X/771/1/2},
  journal = {The Astrophysical Journal},
  author = {Plowman, Joseph and Kankelborg, Charles and Martens, Petrus},
  month = jul,
  year = {2013},
  pages = {2}
}

@article{ryan_compatibility_2014,
  title = {The {{Compatibility}} of {{Flare Temperatures Observed}} with {{AIA}}, {{GOES}}, and {{RHESSI}}},
  volume = {289},
  issn = {1573-093X},
  doi = {10.1007/s11207-014-0492-z},
  language = {en},
  number = {7},
  journal = {Solar Physics},
  author = {Ryan, Daniel F. and O'Flannagain, Aidan M. and Aschwanden, Markus J. and Gallagher, Peter T.},
  month = jul,
  year = {2014},
  pages = {2547-2563}
}

@article{warren_observations_2013,
  title = {Observations of {{Thermal Flares Plasma}} with the {{EUV Variability Experiment}}},
  volume = {770},
  issn = {0004-637X},
  doi = {10.1088/0004-637X/770/2/116},
  language = {en},
  number = {2},
  journal = {The Astrophysical Journal},
  author = {Warren, Harry P. and Mariska, John T. and Doschek, George A.},
  month = jun,
  year = {2013},
  pages = {116},
  annote = {One of the defining characteristics of a solar flare is the impulsive formation of very high temperature plasma. The properties of the thermal emission are not well understood, however, and the analysis of solar flare observations is often predicated on the assumption that the flare plasma is isothermal. The EUV Variability Experiment (EVE) on the Solar Dynamics Observatory provides spectrally resolved observations of emission lines that span a wide range of temperatures (e.g., Fe XV-Fe XXIV) and allow for thermal flare plasma to be studied in detail. In this paper we describe a method for computing the differential emission measure distribution in a flare using EVE observations and apply it to several representative events. We find that in all phases of the flare the differential emission measure distribution is broad. Comparisons of EVE spectra with calculations based on parameters derived from the Geostationary Operational Environmental Satellites soft X-ray fluxes indicate that the isothermal approximation is generally a poor representation of the thermal structure of a flare.}
}

@article{caspi_constraining_2014,
  title = {Constraining {{Solar Flare Differential Emission Measures}} with {{Eve Andrhessi}}},
  volume = {788},
  issn = {2041-8205},
  doi = {10.1088/2041-8205/788/2/L31},
  language = {en},
  number = {2},
  journal = {The Astrophysical Journal},
  author = {Caspi, Amir and McTiernan, James M. and Warren, Harry P.},
  month = jun,
  year = {2014},
  pages = {L31},
  annote = {Deriving a well-constrained differential emission measure (DEM) distribution for solar flares has historically been difficult, primarily because no single instrument is sensitive to the full range of coronal temperatures observed in flares, from {$\lessequivlnt$}2 to {$\greaterequivlnt$}50 MK. We present a new technique, combining extreme ultraviolet (EUV) spectra from the EUV Variability Experiment (EVE) onboard the Solar Dynamics Observatory with X-ray spectra from the Reuven Ramaty High Energy Solar Spectroscopic Imager (RHESSI), to derive, for the first time, a self-consistent, well-constrained DEM for jointly observed solar flares. EVE is sensitive to {$\sim$}2-25 MK thermal plasma emission, and RHESSI to {$\greaterequivlnt$}10 MK; together, the two instruments cover the full range of flare coronal plasma temperatures. We have validated the new technique on artificial test data, and apply it to two X-class flares from solar cycle 24 to determine the flare DEM and its temporal evolution; the constraints on the thermal emission derived from the EVE data also constrain the low energy cutoff of the non-thermal electrons, a crucial parameter for flare energetics. The DEM analysis can also be used to predict the soft X-ray flux in the poorly observed {$\sim$}0.4-5 nm range, with important applications for geospace science.}
}

@article{veck_solar_1981,
  title = {Solar Abundances from {{X}}-Ray Flare Observations},
  volume = {197},
  issn = {0035-8711},
  doi = {10.1093/mnras/197.1.41},
  language = {en},
  number = {1},
  journal = {Monthly Notices of the Royal Astronomical Society},
  author = {Veck, Nicholas J. and Parkinson, John H.},
  month = nov,
  year = {1981},
  pages = {41-55}
}

@article{guennou_accuracy_2012,
  title = {On the {{Accuracy}} of the {{Differential Emission Measure Diagnostics}} of {{Solar Plasmas}}. {{Application}} to {{SDO}}/{{AIA}}. {{I}}. {{Isothermal Plasmas}}},
  volume = {203},
  issn = {0067-0049},
  doi = {10.1088/0067-0049/203/2/25},
  language = {en},
  number = {2},
  journal = {The Astrophysical Journal Supplement Series},
  author = {Guennou, C. and Auch\`ere, F. and Soubri\'e, E. and Bocchialini, K. and Parenti, S. and Barbey, N.},
  month = nov,
  year = {2012},
  pages = {25},
  annote = {Differential emission measure (DEM) analysis is a major diagnostic tool for stellar atmospheres. However, both its derivation and its interpretation are notably difficult because of random and systematic errors, and the inverse nature of the problem. We use simulations with simple thermal distributions to investigate the inversion properties of SDO/AIA observations of the solar corona. This allows a systematic exploration of the parameter space, and using a statistical approach the respective probabilities of all the DEMs compatible with the uncertainties can be computed. Following this methodology, several important properties of the DEM inversion, including new limitations, can be derived and presented in a very synthetic fashion. In this first paper, we describe the formalism and we focus on isothermal plasmas as building blocks to understand the more complex DEMs studied in the second paper. The behavior of the inversion of AIA data being thus quantified, and we provide new tools to properly interpret the DEM. We quantify the improvement of the isothermal inversion with six AIA bands compared to previous EUV imagers. The maximum temperature resolution of AIA is found to be 0.03 log Te , and we derive a rigorous test to quantify the compatibility of observations with the isothermal hypothesis. However, we demonstrate limitations in the ability of AIA alone to distinguish different physical conditions.}
}

@article{yu_incorporating_2018,
  title = {Incorporating {{Uncertainties}} in {{Atomic Data}} into the {{Analysis}} of {{Solar}} and {{Stellar Observations}}: {{A Case Study}} in {{Fe XIII}}},
  volume = {866},
  shorttitle = {Incorporating {{Uncertainties}} in {{Atomic Data}} into the {{Analysis}} of {{Solar}} and {{Stellar Observations}}},
  doi = {10.3847/1538-4357/aadfdd},
  language = {en},
  number = {2},
  journal = {The Astrophysical Journal},
  author = {Yu, Xixi and Del Zanna, Giulio and Stenning, David C. and {Cisewski-Kehe}, Jessi and Kashyap, Vinay L. and Stein, Nathan and {van Dyk}, David A. and Warren, Harry P. and Weber, Mark A.},
  month = oct,
  year = {2018},
  pages = {146}
}

@article{burton_w._m._discussion_1971,
  title = {A {{Discussion}} on Solar Studies with Special Reference to Space Observations - {{The}} Structure of the Chromosphere-Corona Transition Region from Limb and Disk Intensities},
  volume = {270},
  doi = {10.1098/rsta.1971.0063},
  number = {1202},
  journal = {Philosophical Transactions of the Royal Society of London Series A},
  author = {{Burton W. M.} and {Jordan Carole} and {Ridgeley A.} and {Wilson Robert} and {Massey Harrie Stewart Wilson} and {Allen C. W.} and {Gabriel A. H.} and {Pagel Bernard Ephraim Julius} and {Wilson Robert}},
  month = jul,
  year = {1971},
  pages = {81-98}
}

@article{dupree_analysis_1972,
  title = {Analysis of the {{Extreme}}-{{Ultraviolet Quiet Solar Spectrum}}},
  volume = {178},
  issn = {0004-637X},
  doi = {10.1086/151813},
  language = {en},
  journal = {The Astrophysical Journal},
  author = {Dupree, A. K.},
  month = dec,
  year = {1972},
  pages = {527-542}
}

@article{tikhonov_solution_1963,
  title = {On the {{Solution}} of {{Ill}}-{{Posed Problems}} and the {{Method}} of {{Regularization}}},
  volume = {151},
  issn = {0002-3264},
  journal = {Doklady Akademii Nauk SSSR},
  author = {Tikhonov, A. N.},
  year = {1963},
  pages = {501--504}
}

@article{cargill_cooling_1995,
  title = {Cooling of Solar Flares Plasmas. 1: {{Theoretical}} Considerations},
  volume = {439},
  issn = {0004-637X},
  shorttitle = {Cooling of Solar Flares Plasmas. 1},
  doi = {10.1086/175240},
  journal = {The Astrophysical Journal},
  author = {Cargill, Peter J. and Mariska, John T. and Antiochos, Spiro K.},
  month = feb,
  year = {1995},
  pages = {1034-1043}
}

@article{athay_theoretical_1966,
  title = {Theoretical {{Line Intensities}}. {{V}}. {{Solar UV Emission Lines}} of {{Heavy Elements}}},
  volume = {145},
  doi = {10.1086/148824},
  language = {en},
  journal = {The Astrophysical Journal},
  author = {Athay, R. Grant},
  month = sep,
  year = {1966},
  pages = {784}
}

@article{serio_dynamics_1991,
  title = {Dynamics of Flaring Loops. {{I}} - {{Thermodynamic}} Decay Scaling Laws},
  volume = {241},
  issn = {0004-6361},
  journal = {Astronomy and Astrophysics},
  author = {Serio, S. and Reale, F. and Jakimiec, J. and Sylwester, B. and Sylwester, J.},
  month = jan,
  year = {1991},
  pages = {197-202}
}

@article{jakimiec_dynamics_1992,
  title = {Dynamics of Flaring Loops. {{II}} - {{Flare}} Evolution in the Density-Temperature Diagram},
  volume = {253},
  issn = {0004-6361},
  journal = {Astronomy and Astrophysics},
  author = {Jakimiec, J. and Sylwester, B. and Sylwester, J. and Serio, S. and Peres, G. and Reale, F.},
  month = jan,
  year = {1992},
  pages = {269-276}
}

@article{guarrasi_coronal_2010,
  title = {Coronal {{Fuzziness Modeled}} with {{Pulse}}-Heated {{Multi}}-Stranded {{Loop Systems}}},
  volume = {719},
  doi = {10.1088/0004-637X/719/1/576},
  language = {en},
  number = {1},
  journal = {The Astrophysical Journal},
  author = {Guarrasi, Massimiliano and Reale, Fabio and Peres, Giovanni},
  month = aug,
  year = {2010},
  pages = {576}
}

@article{poore_pythontex_2015,
  title = {{{PythonTeX}}: Reproducible Documents with {{LaTeX}}, {{Python}}, and More},
  volume = {8},
  issn = {1749-4699},
  shorttitle = {{{PythonTeX}}},
  doi = {10.1088/1749-4699/8/1/014010},
  language = {en},
  number = {1},
  journal = {Computational Science \& Discovery},
  author = {Poore, Geoffrey M.},
  month = jul,
  year = {2015},
  pages = {014010},
  annote = {PythonTeX is a LaTeX package that allows Python code in LaTeX documents to be executed and provides access to the output. This makes possible reproducible documents that combine results with the code required to generate them. Calculations and figures may be next to the code that created them. Since code is adjacent to its output in the document, editing may be more efficient. Since code output may be accessed programmatically in the document, copy-and-paste errors are avoided and output is always guaranteed to be in sync with the code that generated it. This paper provides an introduction to PythonTeX and an overview of major features, including performance optimizations, debugging tools, and dependency tracking. Several complete examples are presented. Finally, advanced features are summarized. Though PythonTeX was designed for Python, it may be extended to support additional languages; support for the Ruby and Julia languages is already included. PythonTeX contains a utility for converting documents into plain LaTeX, suitable for format conversion, sharing, and journal submission.}
}

@article{snodgrass_magnetic_1983,
  title = {Magnetic Rotation of the Solar Photosphere},
  volume = {270},
  issn = {0004-637X},
  doi = {10.1086/161121},
  language = {en},
  journal = {The Astrophysical Journal},
  author = {Snodgrass, H. B.},
  month = jul,
  year = {1983},
  pages = {288}
}

@article{couvidat_observables_2016,
  title = {Observables {{Processing}} for the {{Helioseismic}} and {{Magnetic Imager Instrument}} on the {{Solar Dynamics Observatory}}},
  volume = {291},
  doi = {10.1007/s11207-016-0957-3},
  language = {en},
  number = {7},
  journal = {Solar Physics},
  author = {Couvidat, S. and Schou, J. and Hoeksema, J. T. and Bogart, R. S. and Bush, R. I. and Duvall, T. L. and Liu, Y. and Norton, A. A. and Scherrer, P. H.},
  month = aug,
  year = {2016},
  pages = {1887}
}

@misc{mumford_sunpy/sunpy_2018,
  title = {Sunpy/Sunpy v0.9.5},
  author = {Mumford, Stuart and Christe, Steven and Mayer, Florian and Freij, Nabil and Hughitt, Keith and {DanRyanIrish} and Liedtke, Simon and Shih, Albert Y. and {P\'erez-Su\'arez}, David and {Pritish Chakraborty} and {Aringlis} and {Punyaslok Pattnaik} and Sipocz, Brigitta and {Rishabh Sharma} and Leonard, Drew and {Rhewett} and {Alex-Ian-Hamilton} and {Asish Panda} and Earnshaw, Matt and {Nitin Choudhary} and Kumar, Ankit and Stansby, David and {Prateek Chanda} and Konge, Sudarshan and {Mdmueller} and {Haathi} and Kirk, Michael and {Yash Jain}},
  month = dec,
  year = {2018},
  doi = {10.5281/zenodo.2155946}
}

@book{priest_magnetohydrodynamics_2014,
  address = {Cambridge, UK},
  title = {Magnetohydrodynamics of the {{Sun}}},
  isbn = {978-1-139-02073-2},
  publisher = {{Cambridge University Press}},
  author = {Priest, Eric},
  year = {2014},
  doi = {10.1017/CBO9781139020732}
}

@article{greisen_representations_2002,
  title = {Representations of World Coordinates in {{FITS}}},
  volume = {395},
  doi = {10.1051/0004-6361:20021326},
  language = {en},
  journal = {Astronomy and Astrophysics},
  author = {Greisen, E. W. and Calabretta, M. R.},
  month = dec,
  year = {2002},
  pages = {1061}
}

@techreport{grigis_aia_2012,
  address = {Palo Alto, CA USA},
  title = {{{AIA PSF Characterization}} and {{Image Deconvolution}}},
  institution = {{Lockheed-Martin Solar and Astrophysics Laboratory}},
  author = {Grigis, Paolo and Su, Yingna and Weber, Mark},
  month = feb,
  year = {2012}
}

@article{wells_fits_1981,
  title = {{{FITS}} - a {{Flexible Image Transport System}}},
  volume = {44},
  issn = {0365-0138},
  journal = {Astronomy and Astrophysics Supplement Series},
  author = {Wells, D. C. and Greisen, E. W. and Harten, R. H.},
  month = jun,
  year = {1981},
  pages = {363}
}

@article{judge_coronal_2001,
  title = {Coronal {{Magnetometry}}: {{A Feasibility Study}}},
  volume = {2},
  shorttitle = {Coronal {{Magnetometry}}},
  language = {en},
  journal = {NASA STI/Recon Technical Report},
  author = {Judge, P. G. and Casini, R. and Tomczyk, S. and Edwards, D. P. and Francis, E.},
  month = jan,
  year = {2001},
  pages = {27999}
}

@article{breiman_bagging_1996,
  title = {Bagging {{Predictors}}},
  volume = {24},
  issn = {1573-0565},
  doi = {10.1023/A:1018054314350},
  language = {en},
  number = {2},
  journal = {Machine Learning},
  author = {Breiman, Leo},
  month = aug,
  year = {1996},
  pages = {123-140}
}

@book{james_introduction_2013,
  address = {New York},
  series = {Springer {{Texts}} in {{Statistics}}},
  title = {An {{Introduction}} to {{Statistical Learning}}: With {{Applications}} in {{R}}},
  isbn = {978-1-4614-7137-0},
  shorttitle = {An {{Introduction}} to {{Statistical Learning}}},
  language = {en},
  publisher = {{Springer-Verlag}},
  author = {James, Gareth and Witten, Daniela and Hastie, Trevor and Tibshirani, Robert},
  year = {2013}
}

@article{sandri_bias_2008,
  title = {A {{Bias Correction Algorithm}} for the {{Gini Variable Importance Measure}} in {{Classification Trees}}},
  volume = {17},
  issn = {1061-8600},
  doi = {10.1198/106186008X344522},
  number = {3},
  journal = {Journal of Computational and Graphical Statistics},
  author = {Sandri, Marco and Zuccolotto, Paola},
  month = sep,
  year = {2008},
  pages = {611-628}
}

@book{breiman_classification_1984,
  address = {Boca Raton},
  edition = {first},
  series = {Wadsworth {{Statistics}}/{{Probability}}},
  title = {Classification and {{Regression Trees}}},
  isbn = {978-0-412-04841-8},
  language = {English},
  publisher = {{Chapman and Hall/CRC}},
  author = {Breiman, Leo and Friedman, Jerome and Stone, Charles J. and Olshen, R. A.},
  month = jan,
  year = {1984}
}

@article{bobra_predicting_2016,
  title = {Predicting {{Coronal Mass Ejections Using Machine Learning Methods}}},
  volume = {821},
  issn = {0004-637X},
  doi = {10.3847/0004-637X/821/2/127},
  journal = {The Astrophysical Journal},
  author = {Bobra, M. G. and Ilonidis, S.},
  month = apr,
  year = {2016},
  pages = {127}
}

@article{baso_enhancing_2018,
  title = {Enhancing {{SDO}}/{{HMI}} Images Using Deep Learning},
  volume = {614},
  copyright = {\textcopyright{} ESO 2018},
  issn = {0004-6361, 1432-0746},
  doi = {10.1051/0004-6361/201731344},
  language = {en},
  journal = {Astronomy \& Astrophysics},
  author = {Baso, C. J. D\'iaz and Ramos, A. Asensio},
  month = jun,
  year = {2018},
  pages = {A5}
}

@article{warren_evidence_2010,
  title = {Evidence for {{Steady Heating}}: {{Observations}} of an {{Active Region Core}} with {{Hinode}} and {{TRACE}}},
  volume = {711},
  issn = {0004-637X},
  shorttitle = {Evidence for {{Steady Heating}}},
  doi = {10.1088/0004-637X/711/1/228},
  journal = {The Astrophysical Journal},
  author = {Warren, Harry P. and Winebarger, Amy R. and Brooks, David H.},
  month = mar,
  year = {2010},
  pages = {228-238}
}

@article{brooks_flows_2009,
  title = {Flows and {{Motions}} in {{Moss}} in the {{Core}} of a {{Flaring Active Region}}: {{Evidence}} for {{Steady Heating}}},
  volume = {703},
  issn = {0004-637X},
  shorttitle = {Flows and {{Motions}} in {{Moss}} in the {{Core}} of a {{Flaring Active Region}}},
  doi = {10.1088/0004-637X/703/1/L10},
  journal = {The Astrophysical Journal Letters},
  author = {Brooks, David H. and Warren, Harry P.},
  month = sep,
  year = {2009},
  pages = {L10-L13}
}

@article{altmann_permutation_2010,
  title = {Permutation Importance: A Corrected Feature Importance Measure},
  volume = {26},
  issn = {1367-4803},
  shorttitle = {Permutation Importance},
  doi = {10.1093/bioinformatics/btq134},
  language = {en},
  number = {10},
  journal = {Bioinformatics},
  author = {Altmann, Andr\'e and Tolo{\c s}i, Laura and Sander, Oliver and Lengauer, Thomas},
  month = may,
  year = {2010},
  pages = {1340-1347}
}

@article{dungey_conditions_1953,
  title = {Conditions for the Occurrence of Electrical Discharges in Astrophysical Systems},
  volume = {44},
  issn = {1941-5982},
  doi = {10.1080/14786440708521050},
  number = {354},
  journal = {The London, Edinburgh, and Dublin Philosophical Magazine and Journal of Science},
  author = {Dungey, J. W.},
  month = jul,
  year = {1953},
  pages = {725-738}
}

@article{reale_role_2012,
  title = {The Role of Radiative Losses in the Late Evolution of Pulse-Heated Coronal Loops/Strands},
  volume = {543},
  issn = {0004-6361},
  doi = {10.1051/0004-6361/201219280},
  journal = {Astronomy and Astrophysics},
  author = {Reale, F. and Landi, E.},
  month = jul,
  year = {2012},
  pages = {A90}
}

@article{lin_solar_1984,
  title = {Solar Hard {{X}}-Ray Microflares},
  volume = {283},
  issn = {0004-637X},
  doi = {10.1086/162321},
  language = {en},
  journal = {The Astrophysical Journal},
  author = {Lin, R. P. and Schwartz, R. A. and Kane, S. R. and Pelling, R. M. and Hurley, K. C.},
  month = aug,
  year = {1984},
  pages = {421}
}

@article{brueckner_observations_1983,
  title = {Observations of High-Energy Jets in the Corona above the Quiet Sun, the Heating of the Corona, and the Acceleration of the Solar Wind},
  volume = {272},
  issn = {0004-637X},
  doi = {10.1086/161297},
  language = {en},
  journal = {The Astrophysical Journal},
  author = {Brueckner, G. E. and Bartoe, J.-D. F.},
  month = sep,
  year = {1983},
  pages = {329}
}

@book{spitzer_physics_1962,
  address = {New York},
  edition = {Second},
  title = {Physics of {{Fully Ionized Gases}}},
  language = {en},
  publisher = {{John Wiley and Sons, Inc.}},
  author = {Spitzer, L.},
  year = {1962}
}

@article{peres_importance_1993,
  title = {The Importance of Plasma Viscosity on {{X}}-Ray Line Diagnostics of Solar Flares},
  volume = {267},
  issn = {0004-6361},
  journal = {Astronomy and Astrophysics},
  author = {Peres, G. and Reale, F.},
  month = jan,
  year = {1993},
  pages = {566-576}
}

@article{mcwhirter_heating_1975,
  title = {The Heating of the Solar Corona. {{II}}. {{A}} Model Based on Energy Balance.},
  volume = {40},
  language = {en},
  number = {1-2},
  journal = {Astronomy and Astrophysics},
  author = {McWhirter, R. W. P. and Thonemann, P. C. and Wilson, R.},
  month = apr,
  year = {1975},
  pages = {63}
}

@article{bahcall_solar_2001,
  title = {Solar {{Models}}: {{Current Epoch}} and {{Time Dependences}}, {{Neutrinos}}, and {{Helioseismological Properties}}},
  volume = {555},
  shorttitle = {Solar {{Models}}},
  doi = {10.1086/321493},
  language = {en},
  number = {2},
  journal = {The Astrophysical Journal},
  author = {Bahcall, John N. and Pinsonneault, M. H. and Basu, Sarbani},
  month = jul,
  year = {2001},
  pages = {990}
}

@article{allred_unified_2015,
  title = {A {{Unified Computational Model}} for {{Solar}} and {{Stellar Flares}}},
  volume = {809},
  issn = {0004-637X},
  doi = {10.1088/0004-637X/809/1/104},
  language = {en},
  number = {1},
  journal = {The Astrophysical Journal},
  author = {Allred, Joel C. and Kowalski, Adam F. and Carlsson, Mats},
  month = aug,
  year = {2015},
  pages = {104}
}

@article{reep_efficient_2019,
  title = {Efficient {{Calculation}} of {{Non}}-Local {{Thermodynamic Equilibrium Effects}} in {{Multithreaded Hydrodynamic Simulations}} of {{Solar Flares}}},
  volume = {871},
  issn = {0004-637X},
  doi = {10.3847/1538-4357/aaf580},
  language = {en},
  number = {1},
  journal = {The Astrophysical Journal},
  author = {Reep, Jeffrey W. and Bradshaw, Stephen J. and Crump, Nicholas A. and Warren, Harry P.},
  month = jan,
  year = {2019},
  pages = {18}
}

@article{aschwanden_width_2017,
  title = {The {{Width Distribution}} of {{Loops}} and {{Strands}} in the {{Solar Corona}}\textemdash{{Are We Hitting Rock Bottom}}?},
  volume = {840},
  issn = {0004-637X},
  doi = {10.3847/1538-4357/aa6b01},
  journal = {The Astrophysical Journal},
  author = {Aschwanden, Markus J. and Peter, Hardi},
  month = may,
  year = {2017},
  pages = {4}
}

@article{winebarger_steady_2002,
  title = {Steady {{Flows Detected}} in {{Extreme}}-{{Ultraviolet Loops}}},
  volume = {567},
  issn = {0004-637X},
  doi = {10.1086/339796},
  journal = {The Astrophysical Journal Letters},
  author = {Winebarger, Amy R. and Warren, Harry and {van Ballegooijen}, Adriaan and DeLuca, Edward E. and Golub, Leon},
  month = mar,
  year = {2002},
  pages = {L89-L92}
}

@article{gomez_normal_1993,
  title = {Normal Incidence {{X}}-Ray Telescope Power Spectra of {{X}}-Ray Emission from Solar Active Regions. {{I}} - {{Observations}}. {{II}} - {{Theory}}},
  volume = {405},
  issn = {0004-637X},
  doi = {10.1086/172405},
  journal = {The Astrophysical Journal},
  author = {Gomez, Daniel O. and Martens, Petrus C. H. and Golub, Leon},
  month = mar,
  year = {1993},
  pages = {767-781}
}

@article{fox_solar_2016-1,
  title = {The {{Solar Probe Plus Mission}}: {{Humanity}}'s {{First Visit}} to {{Our Star}}},
  volume = {204},
  issn = {1572-9672},
  shorttitle = {The {{Solar Probe Plus Mission}}},
  doi = {10.1007/s11214-015-0211-6},
  language = {en},
  number = {1},
  journal = {Space Science Reviews},
  author = {Fox, N. J. and Velli, M. C. and Bale, S. D. and Decker, R. and Driesman, A. and Howard, R. A. and Kasper, J. C. and Kinnison, J. and Kusterer, M. and Lario, D. and Lockwood, M. K. and McComas, D. J. and Raouafi, N. E. and Szabo, A.},
  month = dec,
  year = {2016},
  pages = {7-48}
}

@article{finlay_international_2010,
  title = {International {{Geomagnetic Reference Field}}: The Eleventh Generation},
  volume = {183},
  issn = {0956-540X},
  shorttitle = {International {{Geomagnetic Reference Field}}},
  doi = {10.1111/j.1365-246X.2010.04804.x},
  language = {en},
  number = {3},
  journal = {Geophysical Journal International},
  author = {Finlay, C. C. and Maus, S. and Beggan, C. D. and Bondar, T. N. and Chambodut, A. and Chernova, T. A. and Chulliat, A. and Golovkov, V. P. and Hamilton, B. and Hamoudi, M. and Holme, R. and Hulot, G. and Kuang, W. and Langlais, B. and Lesur, V. and Lowes, F. J. and L\"uhr, H. and Macmillan, S. and Mandea, M. and McLean, S. and Manoj, C. and Menvielle, M. and Michaelis, I. and Olsen, N. and Rauberg, J. and Rother, M. and Sabaka, T. J. and Tangborn, A. and {T\o{}ffner-Clausen}, L. and Th\'ebault, E. and Thomson, A. W. P. and Wardinski, I. and Wei, Z. and Zvereva, T. I.},
  month = dec,
  year = {2010},
  pages = {1216-1230}
}

@article{thompson_differential_1996,
  title = {Differential {{Rotation}} and {{Dynamics}} of the {{Solar Interior}}},
  volume = {272},
  copyright = {\textcopyright{} 1996 American Association for the Advancement of Science},
  issn = {0036-8075, 1095-9203},
  doi = {10.1126/science.272.5266.1300},
  language = {en},
  number = {5266},
  journal = {Science},
  author = {Thompson, M. J. and Toomre, J. and Anderson, E. R. and Antia, H. M. and Berthomieu, G. and Burtonclay, D. and Chitre, S. M. and {Christensen-Dalsgaard}, J. and Corbard, T. and DeRosa, M. and Genovese, C. R. and Gough, D. O. and Haber, D. A. and Harvey, J. W. and Hill, F. and Howe, R. and Korzennik, S. G. and Kosovichev, A. G. and Leibacher, J. W. and Pijpers, F. P. and Provost, J. and Rhodes, E. J. and Schou, J. and Sekii, T. and Stark, P. B. and Wilson, P. R.},
  month = may,
  year = {1996},
  pages = {1300-1305},
  pmid = {8662459}
}

@article{howard_mount_1976,
  title = {The {{Mount Wilson}} Solar Magnetograph - {{Scanning}} and Data System},
  volume = {48},
  issn = {0038-0938},
  doi = {10.1007/BF00152006},
  journal = {Solar Physics},
  author = {Howard, R.},
  month = jun,
  year = {1976},
  pages = {411-416}
}

@article{scherrer_solar_1995,
  title = {The {{Solar Oscillations Investigation}} - {{Michelson Doppler Imager}}},
  volume = {162},
  issn = {0038-0938},
  doi = {10.1007/BF00733429},
  journal = {Solar Physics},
  author = {Scherrer, P. H. and Bogart, R. S. and Bush, R. I. and Hoeksema, J. T. and Kosovichev, A. G. and Schou, J. and Rosenberg, W. and Springer, L. and Tarbell, T. D. and Title, A. and Wolfson, C. J. and Zayer, I. and {MDI Engineering Team}},
  month = dec,
  year = {1995},
  pages = {129-188}
}

@inproceedings{elmore_daniel_2014,
  title = {The {{Daniel K}}. {{Inouye Solar Telescope}} First Light Instruments and Critical Science Plan},
  volume = {9147},
  doi = {10.1117/12.2057038},
  booktitle = {Ground-Based and {{Airborne Instrumentation}} for {{Astronomy V}}},
  publisher = {{International Society for Optics and Photonics}},
  author = {Elmore, David F. and Rimmele, Thomas and Casini, Roberto and Hegwer, Steve and Kuhn, Jeff and Lin, Haosheng and McMullin, Joseph P. and Reardon, Kevin and Schmidt, Wolfgang and Tritschler, Alexandra and W\"oger, Friedrich},
  month = jul,
  year = {2014},
  pages = {914707}
}

@article{neugebauer_solar_1962,
  title = {Solar {{Plasma Experiment}}},
  volume = {138},
  doi = {10.1126/science.138.3545.1095-a},
  language = {en},
  number = {3545},
  journal = {Science},
  author = {Neugebauer, Marcia and Snyder, Conway W.},
  month = dec,
  year = {1962},
  pages = {1095}
}

@inproceedings{rocklin_dask_2015,
  title = {Dask: {{Parallel Computation}} with {{Blocked}} Algorithms and {{Task Scheduling}}},
  doi = {10.25080/Majora-7b98e3ed-013},
  booktitle = {Proceedings of the 14th {{Python}} in {{Science Conference}}},
  author = {Rocklin, Matthew},
  editor = {Huff, Kathryn and Bergstra, James},
  year = {2015},
  pages = {126-132}
}

@article{schrijver_nonlinear_2008,
  title = {Nonlinear {{Force}}-Free {{Field Modeling}} of a {{Solar Active Region}} around the {{Time}} of a {{Major Flare}} and {{Coronal Mass Ejection}}},
  volume = {675},
  issn = {0004-637X},
  doi = {10.1086/527413},
  language = {en},
  number = {2},
  journal = {The Astrophysical Journal},
  author = {Schrijver, C. J. and DeRosa, M. L. and Metcalf, T. and Barnes, G. and Lites, B. and Tarbell, T. and McTiernan, J. and Valori, G. and Wiegelmann, T. and Wheatland, M. S. and Amari, T. and Aulanier, G. and D\'emoulin, P. and Fuhrmann, M. and Kusano, K. and R\'egnier, S. and Thalmann, J. K.},
  month = mar,
  year = {2008},
  pages = {1637--1644}
}

@article{allred_3d_2018,
  title = {A {{3D Model}} of {{AR}} 11726 {{Heated}} by {{Nanoflares}}},
  volume = {arXiv:1807.00763},
  language = {en},
  journal = {arXiv e-prints},
  author = {Allred, Joel and Daw, Adrian and Brosius, Jeffrey},
  month = jul,
  year = {2018}
}

@article{bradshaw_quantifying_2019,
  title = {Quantifying the {{Influence}} of {{Key Physical Processes}} on the {{Formation}} of {{Emission Lines Observed}} by {{IRIS}}. {{I}}. {{Non}}-Equilibrium {{Ionization}} and {{Density}}-Dependent {{Rates}}},
  volume = {872},
  doi = {10.3847/1538-4357/aafe85},
  language = {en},
  number = {2},
  journal = {The Astrophysical Journal},
  author = {Bradshaw, Stephen J. and Testa, Paola},
  month = feb,
  year = {2019},
  pages = {123}
}

@article{del_zanna_uncertainties_2019,
  title = {Uncertainties on Atomic Data. {{A}} Case Study: {{N IV}}},
  volume = {484},
  shorttitle = {Uncertainties on Atomic Data. {{A}} Case Study},
  doi = {10.1093/mnras/stz206},
  language = {en},
  number = {4},
  journal = {Monthly Notices of the Royal Astronomical Society},
  author = {Del Zanna, G. and {Fern\'andez-Menchero}, L. and Badnell, N. R.},
  month = apr,
  year = {2019},
  pages = {4754}
}


