@misc{plasmapy_community_2018_1238132,
  author       = {PlasmaPy{\,}Community and
                  Murphy, Nicholas A. and
                  Leonard, Andrew J. and
                  Sta≈Ñczak, Dominik and
                  Kozlowski, Pawel M. and
                  Langendorf, Samuel J. and
                  Haggerty, Colby C. and
                  Beckers, Jasper P. and
                  Mumford, Stuart J. and
                  Parashar, Tulasi N. and
                  Huang, Yi-Min},
  title        = {{PlasmaPy: An Open Source Community-Developed 
                   Python Package for Plasma Physics}},
  month        = apr,
  year         = 2018,
  note         = {{This work was partially supported by the U.S. 
                   Department of Energy.}},
  doi          = {10.5281/zenodo.1238132},
}

@misc{michael_waskom_2018_1313201,
  author       = {Michael Waskom and
                  Olga Botvinnik and
                  Drew O'Kane and
                  Paul Hobson and
                  Joel Ostblom and
                  Saulius Lukauskas and
                  David C Gemperline and
                  Tom Augspurger and
                  Yaroslav Halchenko and
                  John B. Cole and
                  Jordi Warmenhoven and
                  Julian de Ruiter and
                  Cameron Pye and
                  Stephan Hoyer and
                  Jake Vanderplas and
                  Santi Villalba and
                  Gero Kunter and
                  Eric Quintero and
                  Pete Bachant and
                  Marcel Martin and
                  Kyle Meyer and
                  Alistair Miles and
                  Yoav Ram and
                  Thomas Brunner and
                  Tal Yarkoni and
                  Mike Lee Williams and
                  Constantine Evans and
                  Clark Fitzgerald and
                  Brian and
                  Adel Qalieh},
  title        = {seaborn},
  month        = jul,
  year         = 2018,
  doi          = {10.5281/zenodo.1313201},
}
